4584 5992
453 487 606 608 mc
783 503 1470 590 ΤιΔοτᾼτ-υε
1937 580 1939 583 .

398 611 540 680 verum,
560 602 634 670 licet
647 603 765 668 dicatur
784 602 904 667 lurtive
919 602 1078 667 ordinatus
1101 599 1174 674 uuir
1228 595 1314 663 Num
1327 618 1402 664 vero
1419 597 1677 679 irregularitatem
1696 601 1880 679 incurrerit,
1894 600 1947 680 qui

400 690 475 755 sisio
495 685 607 764 titulo,
628 703 683 749 ant
703 683 765 746 sinc
785 686 868 749 veris
895 681 1005 748 litteris
1024 681 1173 770 dimissu-J
1189 699 1240 757 pet
1270 680 1400 755 saltum,
1428 678 1479 742 seu
1505 682 1614 742 omisso
1641 682 1759 746 Oiiline
1783 682 1945 761 inferiore,

402 775 456 833 riis
475 767 635 832 ordinatus
652 759 731 838 fuit,
752 763 801 828 hic
820 780 925 827 tamen
948 783 1009 826 nun
1027 765 1156 825 incurrit
1188 758 1320 822 Ordines
1342 761 1522 836 susceperit,
1541 767 1691 823 incertum
1712 762 1776 839 ess;
1798 769 1865 838 quia
1889 762 1946 826 hoc

398 849 675 926 irregularitatem,
693 842 740 907 led
758 838 996 919 suspensionem.
1052 913 1055 918 .
1188 839 1272 903 clare
1291 839 1460 916 expressum
1487 861 1547 903 non
1569 840 1695 904 hibetur
1716 849 1745 902 in
1773 849 1856 920 iure,
1875 861 1945 917 quia

439 929 468 989 Si
496 927 814 990 excommunicatione
847 925 953 985 maiori
992 917 1157 982 innodatur
1189 921 1253 984 duo
1269 939 1403 982 canones
1425 923 1473 993 qui
1503 921 1594 983 verba
1623 917 1740 984 faciunt
1762 925 1798 985 de
1821 921 1947 984 Cseiiro

397 1004 536 1082 suscipiat
553 1007 704 1080 Ordines,
733 1025 807 1067 rium
832 1002 1092 1081 irregularitatem
1112 1001 1156 1061 in·
1170 1045 1176 1076 ,
1192 1018 1245 1075 per
1261 996 1370 1084 saltum
1387 1017 1542 1075 promoto,
1563 999 1640 1063 bene
1670 1004 1798 1079 intelligi
1825 1001 1945 1075 pessunt

399 1103 531 1162 currat,
561 1099 712 1146 uret-tum
732 1081 775 1146 est
794 1075 817 1159 ;’
832 1102 901 1159 quia
924 1101 954 1143 in
969 1101 1039 1154 cap.
1057 1093 1105 1157 32.
1122 1077 1175 1158 dc¹
1193 1078 1231 1142 de
1255 1076 1463 1156 suspensione,
1483 1076 1569 1142 sicuti
1592 1103 1650 1141 nni
1671 1101 1688 1143 a
1709 1102 1813 1143 maiori
1835 1078 1948 1144 Dodiu·

396 1166 522 1248 satient.
551 1162 765 1229 excommunic.
791 1162 839 1225 ubi
868 1162 963 1225 solum
980 1160 1016 1222 sir
1038 1164 1176 1237 mentio,
1193 1179 1260 1221 rum
1280 1176 1367 1234 parte
1383 1157 1617 1237 intelliguntur,
1637 1176 1672 1223 ut
1692 1163 1827 1224 adiertir
1849 1160 1950 1230 Bonaz

358 1263 363 1288 ¹
397 1247 562 1318 decoqui
593 1265 625 1305 iii
654 1240 1026 1306 excommunicationeob
1045 1238 1280 1302 Clerici·cina.
1302 1239 1458 1314 Quidquid
1487 1257 1589 1303 tamen
1610 1240 1668 1315 iit,
1691 1239 1797 1305 ss'ando
1824 1247 1949 1305 senten·

395 1321 617 1403 percussionem
649 1322 778 1384 Ordines
805 1323 927 1396 suscipit
952 1367 963 1396 ,
988 1317 1064 1381 nihil
1096 1319 1160 1391 tls,
1193 1320 1246 1382 tiae
1273 1320 1380 1399 Styri,
1412 1338 1523 1390 nempe
1553 1320 1630 1394 quod
1657 1322 1763 1383 taliter
1789 1321 1953 1385 ordinatur

396 1406 478 1466 xinde
500 1404 636 1476 expresse
664 1402 764 1478 colligi
801 1399 888 1475 possit
925 1399 1130 1476 irregularitas
1147 1438 1156 1457 i
1172 1427 1175 1464 :
1192 1400 1452 1476 irregularitatem
1474 1398 1762 1474 incurrat,.etiamsi
1784 1401 1854 1462 talis
1873 1420 1950 1465 irre·

400 1484 478 1547 Vult
498 1482 619 1557 quidem
649 1478 849 1546 innocentior
877 1480 936 1543 111.
965 1497 1000 1543 ut
1021 1478 1175 1544 ciericiir
1192 1479 1339 1555 gusiritas
1359 1476 1395 1541 sit
1414 1476 1554 1556 publica,
1580 1478 1742 1542 dummodo
1767 1478 1806 1542 sic
1829 1501 1950 1554 promo·

400 1563 576 1638 secularis,
597 1565 649 1636 rui
671 1561 727 1623 hoc
748 1561 881 1623 scienter
908 1554 1038 1633 fecerit,
1063 1557 1176 1631 depo*
1193 1575 1243 1621 tui
1259 1578 1322 1620 nori
1337 1556 1578 1634 ministraverit,
1602 1575 1637 1622 tit
1659 1564 1702 1623 ait
1731 1555 1953 1624 Tridentinuua

399 1660 495 1706 natur
513 1645 543 1703 in
567 1657 771 1718 perpetuum,
789 1635 861 1703 idesi
882 1657 987 1703 careat
1007 1641 1090 1702 omni
1109 1633 1158 1708 spe
1192 1638 1257 1699 lesi.
1278 1653 1332 1716 23.
1351 1637 1426 1700 tolli
1440 1637 1536 1715 potest
1555 1638 1592 1701 ab
1607 1636 1771 1714 Episcopo.

401 1716 649 1796 dispensationis.
678 1718 709 1781 Si
731 1739 808 1783 vero
835 1739 875 1782 eir
900 1718 996 1783 crassa
1016 1720 1155 1795 ignorati·
1232 1717 1380 1780 Similiter
1403 1720 1555 1781 incertum
1582 1717 1648 1790 esl,
1675 1740 1713 1779 an
1741 1718 1952 1797 irregularita*

399 1803 447 1865 tia
464 1800 521 1861 lioc
538 1795 664 1876 deerit,
680 1796 697 1859 s
731 1802 826 1862 shuic
844 1798 1028 1873 relinquitur
1044 1793 1158 1870 dispen·
1192 1813 1258 1860 tent
1276 1800 1413 1860 incurrat
1429 1794 1589 1872 suscipiens
1617 1797 1750 1861 Ordines
1780 1798 1815 1862 ab
1832 1797 1952 1873 Episco-

399 1877 529 1944 sationis
550 1880 683 1952 recipieii
706 1900 785 1953 ω
804 1880 879 1954 Papa
903 1894 1025 1955 tanen,
1043 1880 1094 1959 cui
1112 1894 1158 1937 re·
1193 1879 1316 1953 po,qui
1334 1869 1394 1940 suae
1417 1877 1578 1955 dignitati,
1599 1874 1671 1939 idesl
1698 1876 1894 1941 iurisdislioni
1915 1897 1952 1944 ac

401 1959 564 2022 stirarm:
589 1956 643 2020 Sed
666 1956 731 2027 hec
758 1963 832 2024 surio
854 1955 1007 2031 dispositio
1037 1956 1157 2029 suspen·
1181 1958 1371 2040 tractationi
1392 1956 1519 2019 Ordinis
1536 1953 1718 2033 Episcopalis
1733 1960 1956 2036 renunciavit:

401 2037 477 2102 floni
505 2055 675 2109 utcumque
703 2035 925 2102 accommodari
957 2035 1074 2113 potesl.
1099 2033 1155 2096 Ve-
1191 2038 1265 2111 ¹quia
1282 2036 1322 2097 de
1355 2035 1560 2100 htiiuseeirodi
1588 2035 1658 2099 casu
1687 2036 1791 2100 nullibi
1822 2036 1952 2101 liabetur

399 2137 470 2181 rum
500 2116 668 2179 huiusmodi
696 2113 833 2179 discussio
862 2115 905 2179 eil
927 2113 1043 2193 prorsus
1061 2118 1155 2176 inuti·
1193 2116 1305 2190 aqusiid
1326 2117 1499 2190 expressum
1527 2120 1558 2177 in
1583 2118 1670 2189 iure,
1695 2136 1898 2192 piaeterquam
1919 2121 1952 2180 in

402 2196 460 2272 lis;
482 2198 558 2270 utria.
574 2216 679 2269 parum
705 2195 829 2260 interesl
855 2193 1009 2275 suite,.an
1031 2190 1159 2269 suspensi
1191 2215 1262 2266 cap,
1289 2214 1315 2256 r.
1350 2197 1386 2258 de
1412 2193 1556 2256 ordinaris
1581 2193 1617 2256 ab
1641 2194 1792 2275 Episcopi,
1816 2195 1864 2260 ubi
1888 2194 1951 2260 fic:

401 2275 480 2351 fine,
498 2276 549 2338 vel
571 2273 770 2353 irregulares,
790 2276 909 2351 quando
924 2278 985 2339 iarn
1000 2272 1071 2338 talis
1091 2272 1156 2336 cul·
1191 2272 1270 2354 Quia
1297 2276 1450 2354 indignam
1476 2271 1621 2357 leserit,
1641 2278 1838 2340 executionem
1867 2274 1957 2355 officii·

401 2375 449 2432 ρο
468 2358 580 2419 conscii
599 2374 754 2420 recurrere
769 2355 878 2419 debent
904 2355 939 2418 ad
956 2349 1157 2429 Pontificem,
1190 2376 1247 2417 noir
1262 2354 1393 2418 baicsii'r.
1412 2352 1490 2417 Haec
1509 2372 1613 2420 autem
1631 2355 1723 2418 verba
1741 2377 1803 2419 noo
1823 2373 1887 2419 tani
1904 2363 1972 2417 in·-

402 2451 438 2498 tit
461 2431 642 2499 saciiltatem
659 2439 808 2510 recipiant
830 2435 991 2499 exercendi
1008 2431 1157 2495 Ordinem
1190 2432 1291 2497 dicant
1312 2434 1573 2511 irregularitatem
1585 2455 1697 2508 ,otiam
1709 2432 1954 2512 suspensionem,

230 2585 236 2596 1
272 2509 289 2574 se.
401 2533 493 2589 quem
513 2531 694 2588 receperunt
718 2533 882 2591 tempore,
902 2533 963 2591 quo
981 2532 1156 2579 excommu-
1191 2517 1278 2578 cuius
1298 2510 1341 2577 cll
1367 2514 1511 2591 primario
1536 2517 1657 2588 privare
1685 2513 1836 2577 Ordintim
1865 2532 1953 2578 exet·

400 2598 565 2657 uicit-ionis
585 2588 712 2657 crostica
728 2613 817 2659 erant
841 2594 947 2673 ligati.
1193 2596 1288 2658 citio.
1791 2655 1793 2657 ,

434 2672 550 2748 Nota,
571 2671 741 2747 quodcum
760 2679 815 2737 tit.
829 2696 898 2753 cap.
917 2689 964 2754 32.
990 2672 1029 2737 dc
1038 2668 1157 2751 sciitcn·
1230 2672 1401 2751 Suscipietir
1420 2671 1550 2740 scienter
1578 2672 1710 2737 Ordines
1732 2670 1768 2736 asi
1800 2670 1958 2748 Episcopo

401 2752 447 2817 tia
470 2772 647 2816 mammeti
672 2753 812 2828 loquitur
838 2753 996 2830 absolute,
1019 2752 1056 2821 dc
1081 2756 1157 2817 indi·
1190 2759 1458 2820 excommunicato
1477 2756 1792 2818 excommunicatione
1821 2757 1929 2815 maiori
1943 2799 1960 2828 ,-

401 2829 506 2894 tiinsle
517 2833 558 2916 ¹de
580 2835 634 2906 iis,
652 2835 702 2906 qni
726 2839 758 2894 in
773 2835 1088 2897 excommunicatione
1104 2854 1158 2908 pu-
1191 2832 1224 2897 &
1241 2837 1424 2899 nominatim
1434 2834 1639 2911 denunciato,
1655 2832 1808 2910 suspenso,
1824 2832 1953 2893 interdi-

396 2909 448 2975 fiti
471 2911 665 2984 susceperunt·
685 2909 839 2991 Ordines,
867 2916 954 2976 iuxta
977 2909 1156 2987 probabilio·
1190 2909 1424 2990 do,deposito,
1444 2913 1767 2992 veldegradat05iani
1776 2910 1955 2975 mortaliter

263 3037 277 3046 .
401 3010 466 3053 rem
494 2992 664 3052 incurritur
689 2999 814 3055 ceoluea
843 2995 939 3055 etiam
972 2990 1157 3065 suscipiendo
1191 2991 1431 3072 peccat,&esi
1450 2990 1603 3072 suspensus
1625 2991 1663 3057 ab
1678 2990 1803 3054 Ordinis
1830 2990 1956 3053 exerci-

283 3111 286 3118 -
400 3075 533 3132 minores
557 3066 689 3132 Ordines
700 3116 716 3145 ‚.
733 3090 802 3134 oum
823 3070 851 3134 lii
882 3089 1002 3147 quoque
1027 3067 1155 3133 subno-
1192 3070 1312 3149 tio,&
1333 3069 1369 3135 fit
1392 3074 1562 3150 irregularis
1582 3069 1659 3134 Caii.
1681 3095 1709 3151 4.
1732 3069 1786 3132 lx.
1808 3092 1834 3132 c.
1863 3069 1956 3134 nubi

400 3152 483 3212 mine
507 3149 633 3210 Ordinis
660 3152 790 3213 vciiiarit
844 3148 877 3215 dc
909 3150 1155 3229 intelligantur,
1191 3150 1620 3218 iietaruritaordinacutum
1639 3150 1770 3214 Ordines
1801 3149 1951 3217 susceptos

398 3247 567 3292 imovero
595 3224 616 3289 fi
650 3227 711 3310 risi
740 3198 864 3294 censura
893 3229 977 3307 ligati
1008 3231 1153 3304 recipiant
1189 3249 1334 3308 exercere
1354 3230 1480 3308 ,donec
1498 3235 1715 3309 poeoitentiam
1735 3229 1774 3295 ab
1803 3227 1966 3310 Episcopo,

401 3304 575 3372 Tonsuram
588 3325 678 3383 ,ουκ
691 3309 895 3388 nullatenus,
911 3310 1020 3374 lahem
1041 3310 1080 3371 iii
1090 3330 1153 3374 ma·
1191 3306 1356 3395 iniuodlam
1367 3311 1537 3385 expleverit
1547 3355 1561 3390 r
1574 3328 1641 3373 tum
1657 3307 1865 3385 subsequentes
1888 3309 1952 3371 Or·

401 3406 481 3454 teria
498 3388 631 3462 coenati,
650 3391 740 3451 venit
759 3394 881 3452 nomine
897 3390 1045 3454 Ordinis.-
1190 3389 1277 3452 dines
1294 3389 1440 3465 suscipere
1460 3391 1540 3467 ,nisi
1567 3388 1725 3454 necessitas
1749 3390 1800 3453 vel
1830 3390 1951 3454 utilitas

441 3464 609 3541 Suscipienr
632 3466 761 3531 Ordines
786 3486 858 3533 ante
881 3466 1155 3533 Gons'irniatiooem
1190 3470 1320 3552 maxima
1341 3464 1560 3552 flagitaverit,
1585 3468 1724 3548 &ipsius
1745 3466 1844 3537 sanda
1874 3488 1950 3535 con·

293 3605 299 3614 .
399 3549 524 3611 minime
557 3550 727 3611 incurreret
749 3548 1029 3627 irregrisirtratcm,
1052 3569 1155 3625 quam·
1192 3551 1325 3612 versatio
1347 3555 1567 3623 promeruerim
1598 3626 1600 3630 .

399 3631 450 3691 xis
464 3629 602 3704 graviter
622 3644 746 3704 peccet,
766 3647 801 3689 ut
818 3647 909 3694 nutat
927 3630 1038 3708 sapius
1050 3645 1063 3703 ,·
1079 3628 1154 3708 ficut
1228 3620 1441 3705 Suspensus&
1462 3628 1659 3706 interdictor,
1681 3624 1702 3692 fi
1720 3627 1849 3697 Ordines
1870 3629 1949 3696 reci·

401 3725 459 3770 trec
479 3710 528 3780 ii,
540 3707 590 3782 qui
611 3704 719 3769 eadem
734 3707 782 3770 die
805 3707 994 3783 approbante
1009 3704 1155 3784 Episcopo
1190 3708 1273 3783 piat,
1293 3708 1414 3782 quando
1435 3727 1614 3778 irmeneus
1632 3730 1867 3788 nonexercear‚
1884 3730 1949 3775 nuri
1979 3769 1983 3779 .

400 3787 578 3861 acciperent
602 3784 735 3848 Ordines
767 3787 921 3865 minores,
935 3784 970 3850 dt
990 3785 1154 3849 Subdiaeo·
1188 3783 1230 3849 esl
1249 3788 1424 3863 irregularis
1435 3809 1451 3863 ;·
1462 3791 1533 3865 quia
1546 3791 1751 3870 irregularitas
1772 3789 1953 3856 inretier-

397 3882 525 3943 itatum3
542 3867 611 3940 quia
629 3865 699 3927 risis
711 3863 918 3943 irregusaritar
926 3867 1024 3941 quoad
1037 3882 1154 3927 utrum·
1190 3861 1333 3942 preslaio
1355 3868 1420 3930 iure
1434 3886 1541 3934 contra
1563 3893 1616 3935 eos
1635 3875 1686 3946 qui
1714 3871 1793 3936 hisce
1815 3870 1949 3937 censuris

397 3963 457 4088 aue
475 3948 507 4007 in
527 3947 593 4007 iure
607 3943 714 4008 nullibi
739 3947 946 4020 exprimituri
960 3943 1073 4028 Quoad
1102 3964 1155 4016 po·
1188 3935 1289 4008 assessi
1305 3947 1458 4022 recipiunt
1474 3948 1603 4018 Ordines
1616 3972 1628 4014 ε.
1646 3971 1717 4015 nam
1744 3954 1803 4015 cit.
1827 3972 1892 4026 cap.
1910 3946 1953 4017 rse

424 4027 561 4100 eriorer,
586 4019 607 4085 si
628 4022 686 4087 hoc
706 4026 937 4088 attentaverint
964 4022 1059 4086 inscio
1084 4017 1154 4098 lipi-
1182 4020 1307 4103 stricti.
1337 4044 1521 4090 excommun.
1545 4028 1582 4092 de
1606 4034 1643 4092 tir
1672 4027 1766 4096 solum
1793 4032 1957 4112 loquitur,

396 4103 512 4181 scopo,
536 4100 664 4175 suspiro
685 4121 777 4169 erunt
808 4103 846 4166 ab
865 4105 1014 4168 exercitio
1032 4101 1155 4166 Subdit-
1188 4105 1284 4177 quiin
1301 4110 1617 4173 excommunicatione
1632 4108 1954 4190 Ordinessuscipiunt,

348 4199 351 4206 ·
396 4200 548 4252 conatur,
566 4181 634 4246 &a
657 4181 859 4259 superioribus
878 4182 1045 4247 ordinibus
1066 4230 1075 4257 ,
1100 4182 1158 4263 irifi
1189 4182 1222 4247 dc
1243 4199 1334 4259 prena
1351 4186 1474 4250 extendi
1496 4205 1556 4251 non
1574 4189 1682 4268 debet,
1702 4188 1737 4256 dt
1756 4211 1795 4257 eo
1813 4192 1862 4255 vel
1882 4212 1950 4258 ma·

397 4261 517 4325 mam
540 4262 705 4337 Religionis
727 4261 935 4328 introveriiirt
957 4275 1027 4327 tunc
1055 4261 1156 4339 ciiiiri,
1188 4265 1297 4339 xime,
1326 4261 1538 4340 quodidislum
1554 4289 1617 4343 cap.
1643 4288 1679 4333 ut
1708 4288 1802 4334 antea
1823 4274 1948 4334 notavi·

389 4340 480 4430 stira
495 4361 589 4405 morer
609 4360 711 4428 eorum,
727 4344 901 4426 exegerint,
922 4343 954 4405 iii
978 4342 1049 4406 asiis
1067 4340 1166 4408 ordi-¹
1188 4364 1253 4406 moa
1277 4388 1287 4417 ,
1313 4362 1377 4407 non
1403 4337 1477 4423 satis
1506 4346 1662 4412 manisclle
1684 4343 1952 4430 irregularitatem

398 4417 485 4483 iiiiiir
510 4432 649 4497 poterant
677 4419 863 4498 dispensari.
891 4422 1013 4498 Abbir,
1038 4442 1103 4500 cap.
1125 4440 1153 4482 ο.
1188 4421 1361 4488 concludit.
1392 4421 1422 4485 Si
1442 4443 1547 4490 tamen
1570 4446 1705 4506 tempore
1724 4427 1786 4494 suae
1811 4430 1954 4495 O'rdinae·

398 4498 501 4575 dero,
530 4501 581 4577 qiri'
588 4498 734 4583 sunive.
755 4500 826 4565 Hoc
843 4500 921 4564 idem
936 4499 1154 4586 dicendum,si
1190 4504 1282 4582 tionis
1307 4500 1455 4567 Ordinem
1483 4503 1569 4570 suuni
1597 4525 1768 4587 exerceat,
1797 4507 1950 4589 nempeli
1990 4547 1995 4557 κ

397 4579 505 4642 eudem
526 4581 595 4655 die,
625 4577 836 4654 praesertiiiist
867 4580 1029 4655 Episcopus
1055 4582 1156 4655 prosii'·
1190 4581 1348 4660 Diacoui‚
1375 4582 1426 4646 ves
1448 4583 1628 4651 subdiaconi
1655 4604 1799 4653 exerceat
1819 4590 1951 4657 sundlio·

395 4656 497 4724 buerit
520 4656 571 4721 sub
591 4677 681 4735 poetra
709 4661 1051 4733 excommunicationis,
1080 4653 1158 4722 Stib-
1191 4682 1275 4738 ner,
1300 4663 1438 4738 canendo
1463 4664 1576 4730 scilicet
1598 4665 1800 4747 Evangelium
1832 4675 1881 4734 ves
1903 4674 1951 4740 le·

396 4737 642 4803 diaconatum&
670 4736 877 4802 Diacunatum
896 4739 1158 4816 recipiant,capi
1208 4742 1288 4805 endo
1324 4739 1519 4822 Epistulam,
1549 4764 1635 4811 certe
1663 4755 1722 4812 erit
1753 4750 1951 4830 irregularia.

396 4818 519 4895 3.·ibid.
541 4817 631 4881 Sectis
654 4836 728 4903 vero
748 4817 785 4880 de
804 4836 858 4897 eu,
879 4819 929 4892 qui
950 4821 1082 4882 minores
1102 4839 1155 4883 eo·
1179 4869 1181 4874 ,
1223 4822 1345 4884 uocirca
1374 4823 1463 4887 docet
1485 4823 1582 4890 Avila
1606 4850 1677 4892 crim
1696 4825 1855 4898 Cuvaruv.
1877 4833 1947 4898 Na·

396 4901 467 4959 dam
486 4898 534 4959 die
547 4894 604 4972 ,dt
623 4894 794 4959 Tonsuram
815 4898 961 4970 reciperet
972 4917 984 4971 ;
1005 4900 1075 4971 quia
1095 4898 1155 4963 hoc
1191 4921 1256 4963 var.
1274 4897 1307 4963 dt
1325 4901 1391 4963 aliis
1406 4920 1517 4970 contra
1534 4905 1686 4987 Scyrum,
1702 4927 1773 4974 eum
1786 4959 1798 4988 ‚.
1814 4914 1865 4987 qui
1884 4909 1947 4976 sus·

396 4973 505 5068 nullibi
525 4978 662 5040 vet-itum
682 4975 739 5039 essi
752 4972 804 5068 suli¹
829 4994 919 5051 scena
949 4977 1155 5068 irregularira·
1191 4978 1299 5054 pensus
1313 4978 1492 5047 Sacerdotio
1507 4988 1726 5064 consecratur,
1743 4985 1809 5055 fieri
1831 4995 1947 5075 irregu-

395 5071 460 5119 tis.
476 5054 525 5122 Sir
541 5055 700 5123 Nitimur
716 5055 864 5137 ,dirisi²
880 5052 913 5125 dc
930 5054 982 5122 alii
995 5098 1011 5120 ..
1191 5060 1308 5140 sareio,
1324 5062 1394 5143 quia
1408 5082 1476 5132 curu
1494 5059 1640 5155 Epistopo
1652 5070 1846 5144 concelebrat
1856 5118 1870 5138 .,

463 5173 467 5184 ·
584 5213 592 5218 .
1298 5193 1300 5198 ·
1727 5169 1731 5176 ’
1830 5153 1939 5224 lire·

1929 5297 1994 5406 N
