4584 5992
373 560 594 714 herimanus
620 634 702 697 enim
730 632 790 697 iter
818 653 871 710 per
895 633 1018 708 verba,
1036 631 1132 697 breve
1164 628 1311 711 ilituere;
1329 636 1424 698 immo
1438 637 1471 697 in
1490 634 1551 699 illis
1570 634 1696 704 decursu
1722 636 1862 704 diuturni
1883 638 1931 710 sui

374 736 428 793 per
446 714 604 789 exempla.
624 717 734 777 Vsum
750 711 792 780 di
805 715 905 793 efficax
920 710 1131 791 exemptamess
1165 711 1322 777 ministerii
1343 710 1373 777 se
1392 735 1536 802 exercere
1555 736 1620 786 non
1636 719 1762 784 debeat.
1794 719 1873 785 Cum
1891 744 1926 789 t·

373 797 485 873 spana,
493 792 586 877 satist
599 794 717 876 jaciens
731 792 881 870 suadibile
901 795 978 871 quaa
996 792 1132 865 dicitur,
1166 794 1228 854 nim
1244 793 1391 857 Praelatus
1413 796 1581 860 necessario
1599 793 1725 863 salutem
1743 803 1930 882 animarum,

374 876 448 940 dum
465 876 603 951 morusrat
619 871 756 956 sauiiile
769 877 846 954 quod
859 873 1005 953 suadetur
1026 877 1070 939 ait
1090 870 1130 933 D.
1165 892 1291 948 quarum
1317 877 1345 936 ei
1366 894 1438 936 cura
1465 875 1648 942 demandata
1675 878 1716 942 ell
1735 929 1745 956 ‚
1763 902 1928 957 procurare

372 955 548 1021 Bernartius
569 955 655 1032 episi.
686 974 755 1017 102.
782 956 819 1021 ad
839 954 1050 1021 Balduiuum.
1076 952 1130 1017 Et·
1165 968 1331 1029 teneatur,·
1353 952 1423 1018 hinc
1437 956 1467 1016 ei
1487 953 1650 1022 necessaria
1665 959 1707 1021 esi
1728 961 1928 1026 scientiavir·

372 1038 457 1099 enirn
474 1034 603 1112 quilibet
624 1036 766 1113 Superior
785 1031 1130 1112 debeteiiesormagre·
1167 1048 1269 1096 tutum
1298 1035 1435 1095 omnium
1471 1051 1536 1097 tam
1563 1036 1804 1118 theosophum,
1834 1061 1928 1117 quam

372 1119 420 1194 gis
438 1137 478 1181 est
499 1118 624 1195 animo,
641 1113 778 1192 ovesque
792 1113 845 1180 sibi
867 1115 998 1180 creditas
1024 1129 1129 1192 partu·
1166 1112 1346 1190 moralium,
1365 1130 1401 1176 ut
1418 1111 1506 1187 poffit
1523 1113 1654 1182 subditos
1673 1118 1800 1184 edocere
1815 1118 1928 1186 saltem

372 1199 453 1274 rire,
470 1196 569 1263 donec
584 1192 734 1262 formetur
754 1198 787 1260 in
810 1198 856 1258 eis
873 1192 1033 1270 Chrillua,
1051 1189 1131 1269 quod
1165 1193 1331 1259 necessaria
1350 1192 1387 1257 td
1409 1190 1555 1272 salutem,
1575 1218 1681 1274 nempe
1692 1220 1761 1275 quae
1781 1200 1818 1265 ad
1838 1200 1927 1264 Cliti·

370 1294 533 1344 certenec
553 1275 695 1352 brevius,
720 1296 775 1341 nec
792 1274 945 1342 efficacius
971 1274 1131 1353 impetrari
1165 1274 1292 1337 slianam
1320 1271 1412 1336 fidem
1446 1273 1496 1339 seu
1533 1278 1723 1356 Religionem
1763 1278 1927 1360 spesiant,

368 1354 496 1436 potest,
524 1378 614 1435 quam
635 1355 658 1421 fi
677 1354 764 1422 fastis
791 1354 825 1420 dt
850 1354 989 1430 exemplo
1021 1352 1131 1431 praelu·
1164 1373 1232 1428 quae
1254 1373 1360 1416 eorum
1385 1352 1497 1417 ilatum
1524 1355 1715 1437 eiusdemque
1744 1358 1926 1434 eleslionem

260 1487 261 1493 ,
371 1454 460 1501 ctat·
490 1438 574 1501 Hinc
599 1437 629 1501 S.
651 1436 780 1501 Isidorus
805 1455 871 1509 cap.
900 1453 930 1497 a.
951 1434 1076 1512 Regulae
1098 1432 1129 1493 S.
1164 1429 1350 1509 respiciunt.
1371 1432 1469 1498 Debet
1489 1441 1571 1498 enim
1586 1438 1728 1516 Superior
1742 1440 1926 1507 dentosi-

369 1514 524 1579 Benedisli
541 1518 578 1581 de
594 1515 713 1582 Abbate
725 1516 763 1581 lic
779 1516 934 1591 loquitur.-
955 1516 1009 1588 uie
1019 1509 1128 1601 seiani·
1163 1532 1220 1599 gne
1239 1512 1273 1579 dt
1295 1513 1484 1577 laudabiliter
1502 1515 1603 1595 loqui;
1620 1514 1765 1584 inslrucre
1788 1520 1922 1599 Religio·

369 1595 544 1660 tardantia
562 1598 675 1663 caussis
703 1619 719 1661 o
753 1616 822 1660 rum
841 1594 984 1672 exemplis
1010 1590 1128 1657 exbibe-
1164 1596 1209 1656 loa
1229 1592 1363 1657 Fidei&
1383 1593 1455 1671 legis
1474 1594 1653 1665 Christianae
1681 1600 1845 1674 mandata,
1867 1622 1925 1668 vo·

327 1675 329 1678 ’
369 1673 433 1738 bit.
454 1676 494 1739 Et
516 1677 689 1742 Concilium
703 1614 790 1739 isid.
806 1672 871 1738 sess.
895 1690 943 1754 23.
966 1694 1030 1747 cap.
1054 1672 1131 1761 ude
1165 1691 1268 1737 torum
1283 1669 1509 1767 essentialium,
1526 1697 1561 1740 ac
1579 1698 1803 1757 preceptorum
1820 1681 1924 1761 Regu.

368 1753 531 1835 Reformat.
554 1756 696 1832 supponit
716 1756 751 1822 bt
767 1756 902 1819 declarat
918 1766 1059 1833 precepto
1078 1752 1128 1816 dr·
1164 1753 1204 1817 lae
1221 1769 1369 1816 notitiam
1395 1774 1440 1816 ers
1461 1755 1600 1834 tradere;
1621 1761 1696 1823 item
1716 1780 1754 1824 ea
1765 1781 1833 1837 quae
1853 1778 1922 1825 tan·

367 1835 444 1898 vino
462 1837 638 1903 mmdaium
656 1834 708 1918 effe
730 1832 862 1900 amnibus
889 1854 991 1898 curam
1012 1832 1128 1920 animas
1162 1850 1237 1913 gunt
1253 1830 1481 1909 uniuscuiusque
1502 1835 1642 1915 Religiosr
1660 1838 1800 1918 gradum,
1814 1840 1849 1905 bt
1867 1862 1921 1907 vo·

367 1937 436 1977 rum
453 1915 648 1994 gerentibus,
665 1938 741 1983 over
751 1915 825 1996 suas
845 1912 1000 1993 agnoscere
1016 1963 1026 1994 ,
1040 1909 1124 1979 uerbi
1160 1916 1333 1990 tationem,
1354 1934 1601 1991 unumquemque
1623 1939 1675 1993 pro
1690 1919 1893 1985 conditiones
1913 1923 1919 1934 '

365 1995 476 2070 diuini.
486 1997 708 2078 praedicatione,
723 2015 757 2061 ae
771 1995 908 2061 bonorum
922 1995 1126 2072 omniumope·
1160 1993 1268 2072 gradus
1288 1992 1325 2057 ad
1342 1990 1556 2068 parsesbionem
1574 2018 1776 2077 promovere,
1797 1997 1920 2079 scrupu-

365 2096 435 2142 rum
450 2079 582 2156 exemplo
600 2077 715 2156 pascere
733 2120 743 2139 .
768 2077 809 2140 Et
834 2074 974 2152 equidem
1004 2071 1125 2140 tametfi
1161 2076 1225 2152 los,
1245 2071 1353 2149 quibus
1368 2072 1547 2150 quaudoque
1562 2080 1659 2141 etiam
1679 2082 1793 2144 eruditi
1807 2101 1919 2145 vexan-

366 2155 532 2233 Suptrior,
549 2175 584 2223 ut
605 2156 737 2222 subditos
755 2160 838 2221 viam
858 2153 1124 2232 perfessionisedo
1162 2171 1230 2230 tur,
1246 2174 1306 2217 non
1328 2155 1552 2219 contemnendo
1568 2153 1681 2235 solum,
1703 2158 1752 2223 sed
1772 2160 1808 2224 ἀ
1829 2157 1920 2224 solide

365 2253 458 2311 ceat,
475 2236 583 2317 linguis
602 2237 750 2302 lominum
770 2238 924 2315 loquatur,
953 2233 993 2302 s?
1011 2236 1122 2315 angelo·
1159 2234 1324 2297 erudiendo
1347 2234 1485 2310 placare,
1507 2235 1623 2300 solvere
1652 2237 1739 2303 casus
1768 2237 1919 2304 conscien·

363 2335 456 2393 rum,
473 2316 534 2380 trix
551 2317 709 2461 quidemn
721 2319 866 2397 proficiet,
888 2314 942 2379 nili
958 2315 1068 2380 Christi
1088 2335 1123 2380 e·
1161 2317 1212 2377 tiae
1231 2313 1269 2376 ab
1288 2313 1355 2390 ipsis
1374 2311 1570 2378 Confessariis
1600 2317 1784 2396 propositos,
1802 2324 1854 2396 qui
1866 2338 1917 2383 na·

363 2394 490 2471 templo
511 2397 594 2475 prius
624 2418 711 2463 acere
731 2400 858 2474 incipiat
875 2416 965 2473 quam
989 2396 1121 2461 docere.
1159 2398 1226 2458 tivo
1244 2397 1377 2469 quodam
1396 2397 1462 2457 iure
1482 2395 1519 2458 ad
1534 2396 1723 2472 Superiorem
1740 2416 1917 2477 recurrunt,

363 2471 450 2538 Nam
469 2474 584 2552 semper
599 2476 652 2543 ille
676 2476 793 2555 aderit,
812 2477 863 2554 qui
883 2476 936 2540 sibi
952 2476 1033 2541 male
1049 2496 1124 2544 con·
1159 2477 1271 2551 vixque
1290 2472 1398 2549 saepius
1419 2475 1456 2537 ad
1477 2476 1571 2538 alium
1591 2496 1745 2544 recurrere
1774 2480 1915 2554 poliunt,

362 2549 463 2618 solens
487 2556 647 2636 vulgatum
667 2555 746 2621 istud
759 2556 902 2623 obtrudat
922 2557 1032 2621 medice
1053 2576 1124 2621 rura
1159 2575 1194 2618 ac
1215 2555 1343 2631 denique
1372 2551 1505 2619 subditas
1534 2554 1585 2617 libi
1605 2575 1680 2620 oves
1709 2557 1748 2623 ab
1768 2557 1917 2623 heresum

362 2644 396 2695 rr
412 2632 534 2716 ipsum,
551 2637 602 2701 vel
623 2636 745 2727 auribus
770 2634 921 2714 obslrepet
942 2637 1017 2700 illud
1036 2636 1121 2700 Pauli
1158 2652 1280 2699 veneno
1295 2628 1402 2697 illesas
1410 2629 1552 2699 servare.
1571 2635 1650 2712 Quis
1669 2631 1918 2716 ergononridet‚

365 2712 403 2775 ad
424 2714 553 2782 Roman.
570 2736 597 2778 s.
614 2719 675 2798 Qut
695 2715 862 2796 ergoalr'um
878 2717 978 2794 dores,
992 2714 1123 2796 teipsum
1157 2713 1237 2789 quod
1268 2714 1290 2776 si
1314 2730 1403 2789 turpe
1424 2710 1470 2777 est
1499 2716 1531 2777 in
1552 2736 1734 2793 unoquoque
1752 2720 1918 2793 tptopriam

363 2814 423 2857 noir
440 2796 552 2860 dores.
578 2797 755 2862 Attendant
784 2798 876 2874 igitur
904 2793 983 2858 serio
1011 2799 1048 2860 ad
1077 2794 1123 2859 se·
1156 2811 1256 2858 artem
1276 2796 1413 2871 ignorare
1428 2814 1519 2871 quam
1535 2794 1720 2875 profitetur;
1743 2795 1918 2874 probrosum

363 2872 463 2953 ipsos,
490 2876 564 2939 idest
585 2895 621 2942 nt
648 2876 726 2941 bene
751 2874 909 2952 compositi
929 2873 987 2940 sint
1016 2894 1122 2941 eorum
1159 2875 1246 2939 valde
1268 2878 1327 2938 erit
1353 2869 1468 2937 nescire
1497 2875 1718 2953 Superiorem3
1746 2895 1815 2954 quae
1846 2874 1916 2940 sunt

362 2971 484 3023 mores.
501 2956 555 3019 sibi
575 2956 817 3033 persuadentes,
834 2955 914 3020 tales
940 2951 1004 3020 sore
1024 2953 1121 3026 subdi·
1156 2957 1220 3018 eius
1240 2955 1375 3018 muneris
1386 2974 1399 3029 ,·
1420 2954 1532 3019 idcireo
1550 2975 1618 3034 cap.
1641 2954 1676 3024 ar·
1695 2956 1727 3020 r'n
1746 2955 1832 3023 laicis
1851 2953 1914 3018 dili.

365 3049 433 3109 tos,
452 3037 548 3109 qualit
576 3036 745 3112 Praelatus,
766 3051 802 3099 ut
825 3036 864 3100 de
884 3038 920 3097 iis
949 3037 999 3111 qui
1025 3033 1122 3112 prali-
1159 3034 1206 3113 38.
1226 3034 1340 3099 dicitur
1358 3078 1368 3110 ‚
1388 3037 1591 3114 ignorantiam
1612 3036 1838 3102 intolerabilem
1857 3035 1915 3100 else

363 3110 460 3189 dent,
477 3119 647 3192 generatim
663 3113 987 3192 protestaturSpiritus
1004 3112 1121 3179 sandius
1157 3116 1262 3192 iniis,
1281 3116 1332 3191 qui
1354 3112 1506 3189 praesunt.
1529 3115 1597 3178 Nec
1625 3116 1696 3182 satis
1721 3116 1786 3192 est,
1808 3116 1914 3182 adrer-

362 3188 530 3258 Ecclesras.
553 3214 600 3261 10.
618 3195 724 3280 Qualis
740 3200 832 3261 retias
848 3196 887 3277 esi
905 3193 1061 3270 civitatis,
1078 3209 1120 3258 ta·
1159 3211 1231 3260 tunt
1252 3194 1301 3258 hic
1322 3193 1518 3259 Pellizzarius
1545 3193 1579 3259 ὅ(
1600 3196 1744 3273 bienno,
1775 3196 1913 3273 Superio·

363 3271 408 3334 ser
431 3269 473 3339 ss*
494 3273 658 3342 habitantes
673 3278 706 3341 irr
725 3298 780 3353 τας
802 3295 838 3338 ac
858 3276 983 3351 proinde
1002 3272 1058 3338 nist
1077 3274 1121 3340 sa·
1157 3295 1221 3340 rem
1239 3273 1449 3361 habeteqapud
1469 3274 1500 3338 se
1521 3276 1601 3339 viros
1618 3274 1792 3353 sapientes,
1810 3276 1913 3352 quibus

362 3350 419 3414 tiis
438 3353 472 3419 &
494 3375 586 3433 opere
607 3358 773 3437 praeluceat
793 3356 956 3433 Superior,
976 3355 1121 3432 indubie,
1158 3358 1189 3419 in
1207 3356 1291 3420 ornni
1311 3357 1381 3418 calu
1398 3356 1446 3415 uti
1466 3354 1585 3430 potesse
1606 3357 1689 3431 Quia
1707 3374 1913 3435 praeterquam

362 3449 399 3493 ut
422 3429 558 3510 sequitur
573 3439 653 3502 idem
668 3453 761 3514 caput
782 3432 950 3502 Ecclesials.
962 3436 1068 3515 perdet
1073 3454 1122 3516 po-
1156 3436 1235 3511 quod
1257 3435 1357 3498 multa
1377 3434 1531 3509 Superiori
1559 3442 1759 3513 aperiuntur,
1779 3457 1848 3513 quae
1870 3439 1913 3495 in·

359 3511 463 3587 pulum
482 3513 597 3593 saum.
621 3518 730 3593 Quare
753 3518 798 3582 ita
825 3517 1000 3593 Superiores
1016 3537 1120 3581 omnes
1157 3512 1315 3580 serioribus
1324 3513 1634 3593 riadetegipossunt,
1659 3511 1913 3581 verecundumest

361 3590 529 3680 alloquitur
546 3598 577 3659 S.
598 3596 775 3679 Gregorius.
787 3614 863 3675 part.
885 3614 913 3656 2.
931 3598 1037 3677 Pastor.
1052 3619 1119 3672 cap.
1155 3613 1227 3661 etun
1250 3590 1288 3658 ab
1310 3594 1379 3658 aliis
1396 3597 1628 3670 exquirerequae
1644 3596 1722 3673 apud
1740 3596 1770 3659 se
1790 3592 1914 3672 reposita

361 3674 458 3757 32813
478 3679 585 3742 Redor
597 3678 758 3756 >operatione
775 3677 962 3756 precipuas,
979 3675 1020 3743 (5
1044 3677 1121 3741 virae
1156 3674 1217 3741 esse
1235 3673 1345 3740 debent
1363 3722 1372 3750 ,
1391 3691 1428 3739 ut
1448 3674 1539 3739 docet
1560 3676 1764 3741 innocentius
1787 3679 1822 3741 iu
1847 3695 1910 3755 cap·

361 3766 447 3839 viam
460 3749 590 3829 subditis
609 3757 747 3823 vivenda
774 3755 930 3822 denunciet
950 3804 957 3831 ‚
985 3767 1021 3819 ut
1046 3778 1122 3837 grex
1155 3760 1230 3821 Cum
1253 3753 1287 3819 r'rr
1305 3755 1417 3821 cunslis
1433 3754 1473 3818 de
1489 3755 1573 3823 elesi-
1593 3776 1622 3818 n
1646 3776 1673 3820 t.

361 3848 422 3905 qur.
434 3833 555 3911 Pastoris
569 3855 675 3924 ¹trucem
690 3837 838 3916 moresque
850 3836 884 3914 se
903 3837 1007 3914 uitur,
1021 3853 1076 3924 prr
1091 3857 1120 3903 r·
1195 3836 1281 3899 Hinc
1299 3838 1438 3913 graviter
1459 3854 1608 3913 peccant,
1625 3836 1660 3901 bt
1680 3834 1787 3903 caussa
1802 3832 1871 3900 sunt
1886 3852 1918 3899 o·

360 3911 476 3989 sempla
504 3916 611 3979 melius
636 3936 723 3993 quam
742 3934 795 3995 per
820 3938 863 3983 tre
895 3916 1118 3995 egrediatur.
1157 3918 1279 3979 mnium
1297 3931 1491 3992 peccatorum
1511 3937 1581 3994 quae
1604 3936 1643 3980 ex
1667 3918 1847 3994 ignorantia
1867 3914 1921 3978 Su·

363 3987 458 4052 Telis
479 3993 682 4071 splendescere
696 3997 784 4061 debet
813 3998 1008 4073 superiorum
1036 4002 1123 4077 fita,
1158 3997 1285 4071 periuris
1304 3992 1494 4074 sequuntur,
1516 4000 1569 4071 qui.
1583 3994 1637 4061 sub
1651 4014 1812 4073 praetextu
1827 3996 1916 4059 alicu·

361 4086 486 4211 {zeum
503 4096 611 4155 magna
634 4074 784 4154 professus
799 4074 849 4156 spe
863 4096 932 4157 erga
954 4078 1121 4158 Religiosos
1157 4080 1203 4140 ius
1222 4079 1344 4154 pictatis
1359 4076 1393 4141 bt
1412 4075 1611 4141 dexteritatis
1630 4079 1755 4154 ignaros
1770 4067 1913 4152 indignos·

373 4169 385 4209 r
407 4151 416 4209 i
436 4150 569 4219 subditos
590 4156 676 4220 snum
700 4161 862 4237 regimen,
889 4158 927 4224 de
956 4179 1019 4235 quo
1041 4178 1122 4224 nunc
1156 4176 1216 4233 que
1236 4156 1274 4221 ad
1303 4156 1486 4238 Prgaelaturas
1508 4156 1651 4234 eligunt.
1675 4154 1758 4219 Item
1779 4162 1827 4220 rei
1853 4157 1917 4218 lunt

363 4228 537 4310 agendum,
555 4236 699 4312 perlicere
722 4238 866 4303 valeant.
1156 4237 1356 4313 Superiores,
1374 4240 1425 4313 qui
1441 4236 1494 4301 vel
1508 4256 1549 4299 erc
1564 4239 1683 4300 incuria
1706 4235 1817 4305 velex
1837 4238 1917 4316 igno·

365 4341 367 4345 ⁴
404 4307 600 4391 Sustriores,
621 4335 656 4380 ut
682 4318 776 4381 linem
798 4317 970 4396 suum‚qui
994 4316 1038 4382 esi
1063 4318 1121 4398 spi·
1158 4320 1262 4380 tantia
1282 4336 1353 4379 raro
1371 4334 1424 4381 aut
1450 4336 1609 4392 nunquam
1627 4314 1755 4392 verbum
1783 4315 1847 4380 Dei
1868 4313 1917 4379 ba-

360 4386 484 4480 ritnalis
509 4392 694 4465 subditorun
721 4396 865 4475 prosellus
890 4402 922 4461 in
947 4402 1001 4464 via
1027 4396 1122 4474 perse·
1157 4396 1231 4462 bent
1250 4398 1328 4476 apud
1348 4393 1416 4459 suos
1436 4394 1571 4460 subditos
1588 4442 1601 4474 ,
1618 4398 1701 4461 unde
1727 4394 1920 4462 instruantur

393 4473 490 4561 ionis,
509 4472 755 4557 consequantur,
773 4482 806 4542 in
826 4500 917 4557 quam
934 4498 988 4543 eos
1012 4478 1123 4545 ducere
1157 4480 1189 4539 in
1203 4473 1441 4555 obligationibus
1462 4474 1508 4540 sui
1523 4474 1618 4540 flatus
1630 4526 1642 4556 ‚
1655 4477 1690 4542 bt
1709 4480 1864 4554 praetipue
1879 4476 1922 4537 in·

363 4544 399 4609 &
416 4554 621 4691 rustprogrelsu
641 4560 786 4655 opitulari
809 4564 841 4622 vi
860 4558 1066 4656 suimuneris,
1086 4576 1122 4623 ut
1156 4559 1301 4653 cessantis
1321 4554 1488 4633 progressus
1514 4558 1547 4618 in
1568 4556 1773 4653 persessione,
1789 4574 1914 4647 actura·-

367 4633 1122 4797 ri„:tuteuirruiturus
1153 4654 1480 4793 strauere
1498 4633 1922 4799 statuuntur

366 4790 458 4861 ‘suite
485 4790 642 4876 scientia,
676 4801 836 4875 prudentie
878 4800 911 4864 dt
931 4794 1120 4864 '‘charitate.
1158 4817 1230 4860 nem
1258 4796 1448 4874 perducunt,
1467 4817 1519 4861 eos
1545 4814 1676 4874 paterno
1704 4798 1776 4883 pelo
1805 4800 1918 4866 exhor·

359 4863 593 4951 scientificum,
610 4876 660 4944 seu
683 4881 808 4945 scientia
826 4882 1123 4943 virtutumomnium
1159 4875 1271 4954 tando,
1291 4880 1466 4952 monendo,
1483 4899 1518 4941 ac
1535 4876 1781 4958 exilirrurlando,
1799 4898 1837 4945 ut
1857 4874 1921 4938 baec

362 4941 522 5015 suffultum
544 4955 604 5019 esse
629 4959 718 5029 debet
743 4960 937 5036 §opertorum
958 4961 1092 5037 regimen
1115 5008 1123 5035 ,
1158 4955 1274 5023 solicite
1295 4958 1441 5033 impleant
1460 4981 1469 5032 ;
1497 4961 1547 5034 qui
1570 4981 1627 5025 nee
1645 4980 1699 5036 pet
1719 4958 1760 5024 se.
1780 4978 1839 5022 uec
1865 4973 1918 5035 per

360 5046 433 5088 cum
455 5033 538 5095 nulla
560 5033 595 5101 stt
616 5041 717 5102 virtus
738 5039 802 5116 ,de
825 5058 884 5116 qua
915 5058 970 5112 pro
1001 5039 1070 5103 loco
1089 5041 1128 5105 &a
1159 5038 1234 5100 aiios
1253 5038 1323 5101 fidei
1346 5040 1519 5102 rudimenta
1545 5039 1579 5104 ἀ
1608 5040 1737 5120 Regulae
1766 5052 1918 5116 precepta

362 5119 499 5185 umsore
519 5112 652 5185 subditos
668 5139 731 5187 uon
748 5134 893 5187 teneatur
913 5118 1064 5187 scarlatas
1079 5122 1126 5185 ini
1161 5120 1263 5187 Laicis
1280 5117 1448 5188 &clericis
1463 5119 1598 5187 nondum
1618 5118 1689 5191 satis
1709 5115 1920 5262 instrutiilset·
