4584 5992
355 1773 417 1854 ‘De
437 1783 758 1876 debitouperseoerarrdt'
787 1782 819 1848 in
838 1779 984 1875 Religione
1003 1781 1036 1847 r'at
1056 1780 1105 1847 illo
1116 1830 1127 1863 ,

693 550 762 603 oa
796 527 986 602 Siartr
1023 525 1333 602 Reiiotoao
1372 525 1493 601 Car.
1522 505 1598 600 ll.'
1685 493 1696 524 '²
1781 551 1862 628 ²29

361 635 436 710 no,
453 648 517 696 non
535 625 679 707 palan,
699 624 749 692 sed
770 623 878 691 afiivae
893 624 951 703 ,dc
965 624 1035 689 ideo
1054 627 1123 702 quia
1159 623 1240 688 cedit
1258 621 1471 702 probationem
1486 646 1557 689 curn
1575 626 1749 692 omnimoda
1769 627 1917 696 libertate

302 733 310 742 ·
365 713 405 780 ad
423 709 641 790 perficiendum
661 709 737 773 alios
751 707 913 772 ordinatur
932 754 942 784 ,
967 704 1125 769 conslittii·
1162 707 1261 768 vitam
1281 703 1367 765 illam
1383 701 1583 780 ampleaendi
1600 708 1651 771 iel
1668 703 1819 771 deserendi
1835 733 1846 773 .·
1863 711 1916 784 qui

359 811 420 859 tur
439 813 458 857 a
477 790 517 855 D.
535 791 657 854 Thoana
673 785 767 851 llatua
777 783 929 867 Religioso
949 783 1123 863 perlesnnr:
1163 801 1268 848 autem
1289 800 1367 846 roto
1385 781 1416 847 se
1439 783 1620 865 adstrinxit,
1640 783 1691 850 sibi
1711 789 1916 854 omnimodam

362 871 468 952 unde,
484 867 600 937 secluso
621 865 806 933 necessitatis
831 863 928 944 casu,
951 868 1062 929 meliur
1082 864 1125 929 esl
1163 864 1341 925 libertatem
1357 862 1489 943 ademit,
1508 863 1541 931 dt
1563 863 1750 931 solummodo
1769 864 1916 945 suscipere

358 951 558 1042 Religionem
578 949 708 1016 voventi
726 946 774 1010 'ad
794 946 986 1026 Religionem
1017 944 1127 1011 transi·
1162 939 1261 1019 potell
1278 940 1490 1017 probationem
1506 946 1593 1010 iuxta
1607 939 1741 1008 formam
1751 948 1917 1012 iuriscom·

359 1045 419 1108 ee,
433 1051 526 1111 quam
546 1029 582 1096 ad
600 1025 831 1106 Episcopatnm,
849 1027 884 1093 de
904 1023 943 1089 sic
964 1045 1027 1089 non
1056 1042 1126 1104 pot·
1161 1025 1278 1097 munit,
1308 1020 1407 1097 quoad
1435 1021 1493 1086 hoc
1521 1044 1557 1090 ut
1580 1030 1759 1100 experiatur
1783 1045 1836 1102 per
1862 1047 1917 1091 an·
2016 1059 2020 1072 .

359 1110 409 1178 ess
432 1130 485 1188 per
510 1108 541 1175 se
565 1110 872 1188 ipsom‘commutaie
899 1104 986 1171 suum
1016 1122 1126 1170 votum
1161 1123 1254 1178 num,
1276 1121 1315 1164 an
1335 1102 1514 1178 congrua&
1534 1108 1722 1169 convenitne
1738 1103 1792 1168 sibi
1809 1104 1914 1170 videa·

361 1191 535 1270 Religionis
551 1192 704 1253 incoram
725 1187 929 1262 Episcopaleni
949 1234 959 1264 ,
978 1206 1048 1250 cum
1068 1205 1125 1250 ro·
1162 1199 1213 1247 tur
1226 1178 1288 1245 else
1308 1180 1445 1259 Religio,
1469 1179 1547 1247 &si
1567 1186 1638 1250 talia
1654 1203 1698 1249 ex
1720 1188 1916 1257 experientia
2005 1209 2012 1224 ·

364 1271 568 1348 tumpdopria
578 1265 766 1336 infimitate
787 1269 970 1331 commutari
992 1281 1126 1342 nequeat
1160 1263 1271 1326 elnon
1295 1259 1458 1337 videatur,
1482 1262 1580 1326 eidem
1605 1263 1733 1328 liberum
1751 1261 1790 1327 lit
1809 1268 1916 1342 exiret

361 1353 400 1416 in
421 1350 531 1416 melius
546 1347 708 1413 secundum
727 1346 781 1425 se,
798 1342 846 1411 sed
867 1363 1018 1423 quatenus
1035 1347 1064 1407 id
1082 1344 1126 1414 eil
1160 1338 1183 1403 si
1198 1332 1280 1406 secur
1309 1359 1407 1417 vero,
1427 1360 1489 1406 non
1517 1343 1626 1420 implet
1644 1342 1689 1407 sui
1714 1345 1782 1408 voti
1800 1343 1917 1422 obliga·

364 1432 480 1497 iiie'tios
514 1430 665 1494 inventi.
694 1427 741 1492 Sic
769 1425 904 1504 expresse
927 1426 956 1490 S.
990 1423 1126 1493 Thomas
1163 1416 1434 1512 tionem,s1·non
1458 1419 1662 1497 profiteatur.
1692 1424 1742 1490 Sic
1771 1424 1919 1500 Pellina-

365 1530 396 1575 a.
414 1529 444 1573 a.
465 1529 493 1588 q.
511 1508 577 1590 189.
601 1526 661 1573 art.
683 1522 711 1587 3.
734 1506 772 1572 ad
794 1524 820 1569 ι.
1162 1504 1244 1575 rius,
1262 1495 1399 1576 Gatcri,
1416 1497 1552 1576 aliique.
1906 1541 1909 1548 -

1199 1579 1264 1653 Qui
1282 1595 1386 1644 antem
1407 1582 1497 1646 vovit
1513 1580 1707 1661 Religionem
1723 1602 1793 1646 cum
1816 1583 1918 1646 roten
2025 1603 2029 1616 ·

650 1674 678 1733 §-
719 1664 832 1731 Vlss.
1162 1661 1247 1724 tione
1272 1656 1466 1740 profitendi,
1497 1681 1533 1727 ac
1560 1661 1642 1729 bona
1667 1662 1727 1727 fide
1755 1664 1917 1738 animoque

1163 1737 1357 1815 permanendi
1386 1736 1577 1819 Religionem
1606 1739 1649 1806 est
1675 1742 1848 1821 ingressor,
1882 1749 1942 1810 ac'

491 1885 543 1946 qur
562 1865 744 1948 Religionem
762 1864 878 1941 ingredi
900 1873 1007 1927 vovit.
1161 1894 1314 1977 Religion,
1333 1895 1366 1961 s⁰
1386 1912 1590 1980 memet,
1609 1905 1711 1966 omnia
1728 1903 1847 1966 soum
1864 1907 1920 1966 im·

405 1983 502 2049 Varia
530 1985 611 2049 eirca
636 1983 696 2046 hoe
723 1976 917 2048 observanda
942 1994 1127 2053 occurrunt,
1162 1977 1275 2055 plendo
1294 1996 1330 2041 ac
1351 1976 1530 2059 humiliter,
1547 2002 1616 2057 quae
1628 1981 1916 2047 NovitiotalirRe·
1973 2049 1975 2054 ,

364 2075 438 2143 'rpuae
455 2067 517 2127 iam
537 2081 641 2127 omnes
658 2063 864 2128 communiter
878 2059 1069 2134 admittunt,
1090 2077 1126 2121 ac
1163 2056 1283 2136 ligionia
1311 2056 1509 2137 incumbunt,
1537 2063 1581 2127 ita
1601 2079 1637 2126 ut
1663 2081 1716 2136 per
1737 2059 1832 2139 ipsum
1856 2080 1920 2127 raon

368 2147 524 2223 praecipue
544 2159 694 2207 notantur
715 2163 733 2207 a
755 2141 794 2205 D.
818 2138 878 2203 Th.
897 2158 926 2198 2.
949 2157 979 2200 a.
999 2161 1027 2217 q.
1057 2136 1124 2217 189.
1163 2136 1219 2201 siet
1239 2137 1321 2212 quod
1341 2135 1544 2219 profiteatur,
1565 2137 1708 2206 sariendo
1727 2144 1921 2218 quantumin

289 2261 293 2270 ·
365 2231 431 2287 ¹art.
466 2245 495 2302 4.
528 2243 636 2299 nempe
665 2222 716 2285 vel
742 2241 860 2286 vovens
892 2223 985 2282 vovit
1010 2220 1124 2296 ingredi
1163 2216 1191 2281 se
1208 2216 1921 2300 ell‚sieReligioneeiiciattit,quiaineptaa

289 5563 298 5624 ι
353 5529 360 5542 .

364 2302 438 2369 Reli
462 2307 589 2378 ionem,
626 2318 661 2365 ut
691 2321 759 2365 enm
788 2317 911 2364 ranetam
949 2305 1126 2375 experiatur
1161 2301 1189 2362 ei
1211 2296 1376 2372 videatur,
1404 2296 1477 2361 idest
1506 2298 1569 2365 sirie
1599 2298 1649 2365 soa
1677 2298 1780 2366 caussa
1801 2320 1855 2379 pro
1877 2300 1922 2364 di·

368 2402 409 2448 an
437 2325 488 2446 sibi
510 2384 696 2447 conveniens
716 2378 829 2459 fuerit,
852 2379 904 2446 vel
937 2381 1040 2444 animo
1059 2398 1126 2455 per-
1162 2373 1317 2449 missione,
1345 2395 1409 2439 non
1435 2378 1534 2443 adhue
1555 2376 1600 2442 est
1631 2379 1707 2444 liber
1732 2376 1817 2443 asiai
1848 2383 1920 2446 voti

367 2461 550 2540 leverandi;
573 2461 625 2526 vel
653 2463 685 2523 in
713 2478 825 2541 genere
852 2461 945 2525 vovit
975 2458 1051 2523 nillil
1075 2478 1126 2524 co
1162 2456 1352 2536 obligatione
1368 2452 1532 2520 secundum
1548 2457 1804 2536 probabiliorem,
1823 2456 1921 2524 siRe·

367 2539 506 2636 girando·
524 2542 577 2606 vel
600 2540 638 2605 de
661 2540 806 2634 libertate
833 2543 965 2633 exitur,
1005 2538 1056 2603 vel
1089 2537 1126 2601 de
1163 2535 1306 2631 ligionem
1340 2540 1468 2630 vorerir
1496 2539 1529 2600 in
1564 2557 1701 2617 genere,
1730 2557 1793 2601 non
1823 2539 1919 2604 talete

366 2617 1128 2786 ll'l‘illli‘inli‘lzlillaiil-‘lilii{a
1163 2612 1924 2786 {lila‘lll‘siltllllllllaelllllll·

368 2776 550 2858 periendum
564 2779 597 2841 in
617 2777 795 2855 probatione
815 2793 918 2839 utrum
939 2775 1009 2840 talia
1032 2773 1127 2840 slatus
1162 2785 1215 2836 ¹tur
1234 2772 1359 2838 moralia
1379 2772 1461 2850 spes,
1476 2775 1556 2849 quod
1576 2778 1609 2840 in
1629 2777 1732 2853 aliqua
1754 2775 1789 2840 ad
1811 2773 1923 2852 profes*

369 2859 403 2920 ei
424 2853 463 2919 sit
482 2872 656 2935 congruus,
675 2852 747 2919 idest
765 2855 826 2920 stiae
840 2852 1071 2933 conditioni,si
1095 2860 1125 2919 in
1162 2851 1277 2916 sionem
1299 2850 1502 2934 admittatur;
1537 2852 1572 2921 dt
1591 2857 1694 2921 inulto
1713 2860 1811 2920 minua
1832 2855 1923 2922 satia·

371 2932 560 3011 probatione
576 2956 638 2999 non
654 2933 860 3011 deprehendat
875 2930 1126 3001 difficultaterita
1162 2928 1279 2998 fecillet
1304 2930 1357 2997 suo
1386 2931 1516 3011 debito,
1544 2955 1580 3001 ae
1609 2936 1703 3001 aliam
1730 2937 1922 3015 Religionem

368 3025 504 3094 graver,
540 3033 576 3080 ut
604 3014 665 3078 stne
699 3033 809 3091 magna
841 3018 875 3076 ei
903 3033 954 3077 eas
986 3011 1126 3092 superare
1162 3011 1277 3092 ingredi
1299 3028 1474 3092 teneretur,
1493 3013 1514 3077 si
1532 3015 1922 3096 peripsnmsietisletquod

370 3108 485 3169 queat,
511 3113 573 3157 non
594 3090 690 3169 potell
710 3094 809 3172 egredi
830 3089 994 3171 sinegravi
1018 3094 1126 3172 culpe,
1161 3087 1414 3172 eiestutsnill'et;
1436 3097 1507 3171 quia
1526 3115 1714 3177 nempenon
1735 3095 1921 3172 fecitquart·
1969 3143 1972 3152 ,

369 3173 441 3250 quia
460 3190 568 3237 votum
589 3174 776 3253 ingrediendi
802 3173 993 3250 Religionem
1017 3170 1125 3251 suppo-
1162 3189 1230 3236 tum
1250 3175 1282 3235 in
1304 3171 1334 3238 se
1352 3171 1416 3251 est,
1434 3173 1509 3239 idest
1527 3176 1661 3244 debitam
1685 3196 1747 3240 nori
1769 3171 1924 3243 adhibuis-

368 3254 419 3315 nit
436 3252 585 3327 implicite
600 3253 797 3319 voluntatem
812 3256 907 3318 etiam
924 3256 956 3315 in
976 3272 1013 3315 ea
1034 3253 1126 3329 proli·
1163 3251 1207 3315 let
1230 3248 1424 3333 diligentiam
1444 3271 1480 3318 ut
1500 3258 1639 3334 impleret
1661 3257 1786 3320 Noritii
1807 3271 1923 3330 onera,

371 3329 477 3406 tendi,
504 3330 627 3408 quando
652 3336 718 3398 eius
742 3350 836 3397 onera
865 3352 928 3396 non
948 3329 1126 3397 diffie-'llirne
1163 3330 1213 3395 sed
1235 3330 1354 3396 remilla
1375 3352 1411 3396 ae
1428 3332 1498 3398 lare
1518 3338 1549 3398 in
1566 3335 1622 3399 hot
1638 3334 1668 3399 sc
1683 3332 1810 3413 gellillct
1825 3378 1836 3411 ,
1850 3337 1920 3410 quia

371 3406 517 3476 sustinere
540 3412 671 3492 valeat,
701 3435 773 3478 etim
802 3428 912 3476 votum
941 3411 1124 3490 ingrediendi
1162 3414 1213 3485 qtii'
1233 3409 1327 3474 finem
1347 3412 1500 3487 intendit,
1519 3415 1618 3477 media
1641 3433 1761 3489 quoque
1775 3412 1812 3476 ad
1833 3412 1920 3477 illuni

372 3487 569 3568 Religionem
585 3511 647 3555 non
669 3491 705 3557 sit
728 3510 838 3557 votum
857 3487 1034 3569 suscipiendi
1058 3508 1127 3555 tan·
1163 3488 1329 3554 necessaria
1350 3490 1508 3554 intendere
1523 3493 1678 3559 censetur.
1696 3489 1918 3568 Qiodsi'exeat
2014 3513 2018 3520 ·

373 3571 536 3634 tunninio
559 3569 700 3635 habitum
730 3567 916 3648 Religiosum
933 3617 942 3647 ,
962 3567 1011 3634 sed
1040 3568 1125 3633 simol
1161 3566 1202 3631 ob
1222 3569 1352 3644 aliquam
1367 3567 1607 3649 urgentissimam
1621 3572 1779 3651 caussam,
1794 3571 1917 3644 &prae

372 3647 523 3716 serviendi
543 3649 613 3713 Deo
627 3654 659 3714 in
680 3652 760 3718 siaiu
780 3648 936 3729 Religioso
958 3665 1030 3713 toto
1048 3654 1126 3715 viic
1162 3651 1249 3723 cipoe
1269 3646 1289 3710 si
1312 3665 1449 3725 rempore
1466 3651 1651 3720 probanonie
1666 3672 1808 3731 magnam
1823 3650 1921 3717 &err-

372 3744 526 3804 rempore.
548 3728 561 3792 l
584 3732 647 3794 itur
663 3749 789 3797 tenetur
811 3730 848 3793 ad
865 3725 1125 3808 professionemsa
1164 3728 1397 3794 traordinariam
1423 3726 1642 3798 difficultatem
1673 3752 1735 3798 non
1761 3731 1922 3810 praevisam

371 3807 536 3888 elendam,
558 3751 580 3872 si
603 3809 729 3886 probata
754 3809 821 3873 Reli
846 3811 876 3873 io
890 3815 951 3872 tlon
967 3807 1126 3888 displicue·
1162 3825 1301 3884 tempore
1312 3815 1585 3887 anticipantur,
1600 3812 1922 3890 autrimeatgrave&

370 3889 435 3968 rit;
463 3890 539 3955 alita
559 3907 623 3953 non
649 3886 798 3955 satisfacit
815 3829 860 3952 lsri
878 3894 947 3954 voti
967 3888 1127 3966 obligatio·
1162 3907 1272 3968 urgens
1300 3890 1467 3967 periculum
1486 3894 1615 3958 alicuius
1642 3893 1717 3957 mali
1737 3910 1793 3956 aut
1817 3892 1919 3957 damni

370 3970 425 4047 ni,
444 3972 516 4045 quia
541 3983 652 4033 votum
672 3970 790 4049 obligat
812 3965 957 4046 suscipere
986 3969 1127 4035 habiturn
1165 3966 1346 4050 spiritualit,
1368 3970 1417 4034 vel
1439 3972 1479 4036 ob
1497 3975 1731 4052 aegritudinem,
1749 3991 1819 4047 quae
1839 3971 1922 4036 iudi·

370 4044 455 4127 bono
469 4046 505 4114 dt
520 4047 636 4113 sincero
652 4051 758 4114 animo
783 4050 956 4125 experiendi
973 4049 1127 4126 probatio·
1162 4066 1251 4113 cetur
1270 4052 1370 4116 multo
1388 4049 1553 4130 duratura,
1575 4054 1627 4117 vel
1654 4052 1694 4118 ab
1712 4072 1840 4133 gravem
1866 4071 1921 4129 pt·

335 4149 338 4153 ·
371 4127 642 4210 nemReligionir.
659 4128 842 4194 Deratione
859 4129 1128 4206 autemtalrspro·
1164 4147 1285 4194 rentum
1300 4127 1630 4211 necessitarem,&c.,
1648 4151 1723 4195 runc
1737 4131 1837 4209 egredi
1855 4150 1922 4209 poe·

371 4204 507 4274 bationit
525 4206 569 4272 est
591 4225 627 4272 iit
648 4209 776 4286 probata
794 4208 915 4288 Religio
932 4207 1128 4288 suscipiatur,
1162 4208 1228 4288 est,
1246 4209 1318 4275 dum
1346 4208 1488 4274 notabilia
1509 4229 1610 4275 rerum
1630 4214 1766 4277 mutatio
1787 4231 1859 4276 eum
1881 4213 1922 4277 le·

370 4283 393 4349 li
414 4285 495 4353 bona
515 4286 550 4354 &
568 4290 754 4354 conveniens
775 4288 811 4354 ad
831 4285 989 4366 spirituale
1018 4293 1128 4356 animae
1163 4291 1270 4368 gitime
1292 4288 1438 4355 excusat.
1466 4290 1523 4354 Hir
1552 4307 1656 4356 tamen
1684 4288 1830 4369 praecisir,
1859 4312 1922 4356 non

369 4363 489 4432 bonum
512 4369 715 4446 inveniatui;
744 4367 786 4430 [ιιι
806 4371 925 4448 minue,
953 4389 991 4433 ea
1010 4368 1126 4436 desere·
1165 4374 1281 4444 poterit
1305 4369 1413 4447 absque
1438 4370 1560 4435 mortali
1589 4390 1715 4449 peccato
1730 4372 1923 4450 Religionem

372 4463 445 4511 tur.
463 4445 563 4527 lgitur
576 4452 626 4526 qui
644 4466 743 4513 vovet
762 4450 951 4527 Religionem
966 4450 1082 4529 ingredi
1094 4470 1127 4518 ut
1164 4447 1314 4529 deserere,
1332 4471 1405 4516 cuni
1429 4470 1491 4513 non
1512 4447 1612 4517 solnm
1641 4453 1678 4516 ad
1698 4453 1862 4530 ingrellirni
1890 4448 1921 4516 fe

372 4543 444 4592 earn
464 4525 569 4604 probet
589 4531 679 4593 iuxta
695 4527 881 4606 probationis
896 4535 1048 4594 rationem
1062 4581 1073 4608 ,
1085 4532 1128 4595 id·
1163 4528 1388 4608 obstrinxerit,
1415 4530 1462 4592 sed
1490 4533 1584 4595 etiam
1611 4534 1649 4598 ad
1680 4527 1922 4612 professionem.

372 4604 455 4670 elisi
475 4626 512 4672 ea
533 4606 678 4674 rideatur
698 4606 750 4671 libi
770 4612 939 4674 convenite
960 4611 1070 4676 nedum
1092 4612 1129 4677 ad
1165 4611 1264 4692 Igitur
1286 4630 1323 4677 ut
1345 4613 1412 4676 voti
1431 4606 1650 4688 obligationem
1669 4612 1813 4687 impleat,
1837 4606 1921 4673 nulla

372 4680 488 4752 bonum
503 4685 658 4765 spirituale
678 4690 812 4766 animae,
828 4686 875 4752 sed
897 4690 932 4754 ad
948 4693 1128 4769 vitamquo
1167 4695 1398 4756 interveniente
1414 4707 1455 4753 ex
1475 4690 1578 4758 allatis
1597 4693 1679 4758 iuliis
1695 4686 1821 4759 caussis,
1837 4705 1924 4753 tener

341 4793 351 4800 ·
373 4785 431 4840 nite
445 4770 551 4845 quiete
561 4766 594 4833 dc
606 4769 775 4845 tranquille
785 4766 1022 4849 transigendam,
1038 4793 1130 4848 onan·
1165 4789 1218 4840 tur
1232 4772 1324 4852 usque
1341 4773 1379 4843 aa
1395 4764 1608 4850 professionem
1624 4768 1833 4853 perseverare.

374 4843 414 4911 do
431 4868 473 4912 eir
496 4845 678 4924 probatione
695 4848 767 4913 talis
782 4868 892 4913 revera
907 4853 935 4912 ei
950 4852 1012 4915 elle
1029 4852 1129 4917 videa·

314 4947 320 4952 ·
374 4937 446 5007 tur,
476 4941 516 4992 ut
544 4924 598 4993 suo
626 4925 799 4994 satisfaciat
822 4926 948 5004 debito,
974 4931 1129 4997 tenebitur

376 5009 409 5069 vi
429 5010 500 5073 voti
522 5006 608 5071 illam
628 5007 782 5100 amplam,
802 5010 839 5073 ad
859 5007 938 5085 quod
961 5029 1024 5076 non
1044 5027 1129 5075 tene·
1477 4969 1510 5049 'l

379 5100 430 5156 tur
447 5104 529 5152 vnto
544 5107 605 5152 non
627 5088 803 5168 obslridlus,
845 5093 897 5156 uia·
920 5092 968 5152 iur
991 5088 1044 5170 ipsi
1059 5110 1132 5162 con·
1219 5100 1223 5108 '
1316 5145 1319 5150 .
1438 5115 1452 5145 ··
1477 5113 1500 5164 ⁴,
1519 5119 1539 5158 ¹,
1567 5171 1569 5176 ¹
1905 5147 1910 5160 .

348 5389 357 5472 Ι
462 5467 469 5478 Ιι

1162 1817 1363 1883 sufficientem
1381 1817 1571 1898 diligentiam
1592 1820 1747 1899 adhibuit,
1768 1840 1804 1886 ut
1829 1825 1920 1888 modo
2014 1859 2017 1886 ;
