<?xml version="1.0" encoding="UTF-8"?>
<!DOCTYPE html PUBLIC "-//W3C//DTD XHTML 1.0 Transitional//EN"
    "http://www.w3.org/TR/xhtml1/DTD/xhtml1-transitional.dtd">
<html xmlns="http://www.w3.org/1999/xhtml" xml:lang="en" lang="en">
 <head>
  <title>
</title>
<meta http-equiv="Content-Type" content="text/html;charset=utf-8" />
  <meta name='ocr-system' content='tesseract 3.04.00' />
  <meta name='ocr-capabilities' content='ocr_page ocr_carea ocr_par ocr_line ocrx_word'/>
</head>
<body>
  <div class='ocr_page' id='page_1' title='image "./institutionesth01boragoog_0119.png"; bbox 0 0 4584 5992; ppageno 0'>
   <div class='ocr_carea' id='block_1_1' title="bbox 645 512 1807 654">
    <p class='ocr_par' dir='ltr' id='par_1_1' title="bbox 645 512 1807 654">
     <span class='ocr_line' id='line_1_1' title="bbox 645 512 1807 654; baseline 0.003 -27"><span class='ocrx_word' id='word_1_1' title='bbox 645 546 1499 636; x_wconf 79' lang='lat' dir='ltr'>n&#39;uCensurtrser.ll.</span> <span class='ocrx_word' id='word_1_2' title='bbox 1730 512 1807 654; x_wconf 58' lang='lat' dir='ltr'>royx</span> 
     </span>
    </p>
   </div>
   <div class='ocr_carea' id='block_1_2' title="bbox 266 648 2065 5277">
    <p class='ocr_par' dir='ltr' id='par_1_2' title="bbox 266 648 2065 5277">
     <span class='ocr_line' id='line_1_2' title="bbox 282 648 1845 739; baseline 0 -17"><span class='ocrx_word' id='word_1_3' title='bbox 282 653 388 738; x_wconf 75' lang='lat' dir='ltr'>fecerit</span> <span class='ocrx_word' id='word_1_4' title='bbox 408 648 735 734; x_wconf 74' lang='lat' dir='ltr'><em>excommunicationem</em></span> <span class='ocrx_word' id='word_1_5' title='bbox 759 654 888 717; x_wconf 79' lang='lat' dir='ltr'>incurret</span> <span class='ocrx_word' id='word_1_6' title='bbox 906 700 914 727; x_wconf 89' lang='lat'>,</span> <span class='ocrx_word' id='word_1_7' title='bbox 934 651 1042 717; x_wconf 85' lang='lat' dir='ltr'>aliisve</span> <span class='ocrx_word' id='word_1_8' title='bbox 1080 671 1136 715; x_wconf 89' lang='lat' dir='ltr'>nec</span> <span class='ocrx_word' id='word_1_9' title='bbox 1166 652 1230 739; x_wconf 83' lang='lat' dir='ltr'>ullo</span> <span class='ocrx_word' id='word_1_10' title='bbox 1250 655 1323 718; x_wconf 88' lang='lat' dir='ltr'>iuris</span> <span class='ocrx_word' id='word_1_11' title='bbox 1346 651 1490 731; x_wconf 82' lang='lat' dir='ltr'>suffragio</span> <span class='ocrx_word' id='word_1_12' title='bbox 1515 653 1651 720; x_wconf 86' lang='lat' dir='ltr'>excusari</span> <span class='ocrx_word' id='word_1_13' title='bbox 1671 703 1679 732; x_wconf 86' lang='lat'>,</span> <span class='ocrx_word' id='word_1_14' title='bbox 1706 660 1845 733; x_wconf 85' lang='lat' dir='ltr'>quamvis</span> 
     </span>
     <span class='ocr_line' id='line_1_3' title="bbox 284 733 1843 813; baseline 0.001 -14"><span class='ocrx_word' id='word_1_15' title='bbox 284 738 487 801; x_wconf 84' lang='lat' dir='ltr'>huiuscemodi</span> <span class='ocrx_word' id='word_1_16' title='bbox 512 735 633 813; x_wconf 82' lang='lat' dir='ltr'>verbis,</span> <span class='ocrx_word' id='word_1_17' title='bbox 651 754 686 798; x_wconf 91' lang='lat' dir='ltr'>ut</span> <span class='ocrx_word' id='word_1_18' title='bbox 705 734 819 799; x_wconf 80' lang='lat' dir='ltr'>liabent</span> <span class='ocrx_word' id='word_1_19' title='bbox 838 737 1042 798; x_wconf 91' lang='lat' dir='ltr'>communiter</span> <span class='ocrx_word' id='word_1_20' title='bbox 1080 752 1140 796; x_wconf 93' lang='lat' dir='ltr'>non</span> <span class='ocrx_word' id='word_1_21' title='bbox 1163 733 1221 792; x_wconf 80' lang='lat' dir='ltr'>lint</span> <span class='ocrx_word' id='word_1_22' title='bbox 1238 735 1432 797; x_wconf 88' lang='lat' dir='ltr'>denunciari.</span> <span class='ocrx_word' id='word_1_23' title='bbox 1453 733 1603 798; x_wconf 86' lang='lat' dir='ltr'>Similiter</span> <span class='ocrx_word' id='word_1_24' title='bbox 1621 741 1708 800; x_wconf 88' lang='lat' dir='ltr'>iuxta</span> <span class='ocrx_word' id='word_1_25' title='bbox 1728 738 1843 801; x_wconf 89' lang='lat' dir='ltr'>Conci·</span> 
     </span>
     <span class='ocr_line' id='line_1_4' title="bbox 284 809 1841 882; baseline 0.001 -3"><span class='ocrx_word' id='word_1_26' title='bbox 284 817 458 882; x_wconf 78' lang='lat' dir='ltr'>Canonillae</span> <span class='ocrx_word' id='word_1_27' title='bbox 477 814 510 881; x_wconf 83' lang='lat' dir='ltr'>dc</span> <span class='ocrx_word' id='word_1_28' title='bbox 531 816 684 879; x_wconf 85' lang='lat' dir='ltr'>Morales.</span> <span class='ocrx_word' id='word_1_29' title='bbox 1080 814 1154 876; x_wconf 90' lang='lat' dir='ltr'>lium</span> <span class='ocrx_word' id='word_1_30' title='bbox 1182 809 1343 876; x_wconf 82' lang='lat' dir='ltr'>Basilienl&#39;e</span> <span class='ocrx_word' id='word_1_31' title='bbox 1374 810 1434 875; x_wconf 83' lang='lat' dir='ltr'>seli.</span> <span class='ocrx_word' id='word_1_32' title='bbox 1454 831 1501 874; x_wconf 90' lang='lat'>20.</span> <span class='ocrx_word' id='word_1_33' title='bbox 1519 813 1552 878; x_wconf 82' lang='lat' dir='ltr'>dt</span> <span class='ocrx_word' id='word_1_34' title='bbox 1576 815 1697 881; x_wconf 86' lang='lat' dir='ltr'>Bullam</span> <span class='ocrx_word' id='word_1_35' title='bbox 1727 820 1841 882; x_wconf 79' lang='lat' dir='ltr'><strong>Leonis</strong></span> 
     </span>
     <span class='ocr_line' id='line_1_5' title="bbox 323 889 1841 976; baseline 0.002 -17"><span class='ocrx_word' id='word_1_36' title='bbox 323 896 438 962; x_wconf 86' lang='lat' dir='ltr'>Tertio</span> <span class='ocrx_word' id='word_1_37' title='bbox 460 894 608 960; x_wconf 86' lang='lat' dir='ltr'>dividitur</span> <span class='ocrx_word' id='word_1_38' title='bbox 639 900 671 954; x_wconf 89' lang='lat' dir='ltr'>in</span> <span class='ocrx_word' id='word_1_39' title='bbox 690 895 1043 957; x_wconf 62' lang='lat' dir='ltr'>excommunicationem</span> <span class='ocrx_word' id='word_1_40' title='bbox 1079 892 1117 954; x_wconf 85' lang='lat' dir='ltr'>X.</span> <span class='ocrx_word' id='word_1_41' title='bbox 1135 889 1171 955; x_wconf 84' lang='lat' dir='ltr'>dt</span> <span class='ocrx_word' id='word_1_42' title='bbox 1191 893 1358 956; x_wconf 77' lang='lat' dir='ltr'>concordat.</span> <span class='ocrx_word' id='word_1_43' title='bbox 1381 897 1579 976; x_wconf 84' lang='lat' dir='ltr'>approbatam</span> <span class='ocrx_word' id='word_1_44' title='bbox 1597 916 1613 957; x_wconf 88' lang='lat' dir='ltr'>a</span> <span class='ocrx_word' id='word_1_45' title='bbox 1632 896 1772 961; x_wconf 82' lang='lat' dir='ltr'>Concilio</span> <span class='ocrx_word' id='word_1_46' title='bbox 1781 899 1841 962; x_wconf 83' lang='lat' dir='ltr'>Le·</span> 
     </span>
     <span class='ocr_line' id='line_1_6' title="bbox 283 970 1842 1065; baseline 0 -24"><span class='ocrx_word' id='word_1_47' title='bbox 283 997 300 1041; x_wconf 87' lang='lat' dir='ltr'>a</span> <span class='ocrx_word' id='word_1_48' title='bbox 330 982 426 1053; x_wconf 88' lang='lat' dir='ltr'>iure,</span> <span class='ocrx_word' id='word_1_49' title='bbox 454 975 487 1040; x_wconf 80' lang='lat' dir='ltr'>dc</span> <span class='ocrx_word' id='word_1_50' title='bbox 516 975 553 1038; x_wconf 89' lang='lat' dir='ltr'>ab</span> <span class='ocrx_word' id='word_1_51' title='bbox 580 974 727 1036; x_wconf 76' lang='lat' dir='ltr'>homine.</span> <span class='ocrx_word' id='word_1_52' title='bbox 756 970 1230 1065; x_wconf 48' lang='lat' dir='ltr'>Excommunicatiofferanenst</span> <span class='ocrx_word' id='word_1_53' title='bbox 1251 975 1287 1032; x_wconf 90' lang='lat' dir='ltr'>V.</span> <span class='ocrx_word' id='word_1_54' title='bbox 1312 977 1427 1036; x_wconf 82' lang='lat' dir='ltr'>vitandi</span> <span class='ocrx_word' id='word_1_55' title='bbox 1458 975 1556 1037; x_wconf 86' lang='lat' dir='ltr'>ellent</span> <span class='ocrx_word' id='word_1_56' title='bbox 1579 995 1683 1037; x_wconf 87' lang='lat' dir='ltr'>omnes</span> <span class='ocrx_word' id='word_1_57' title='bbox 1716 982 1736 1038; x_wconf 90' lang='lat' dir='ltr'>ii</span> <span class='ocrx_word' id='word_1_58' title='bbox 1766 991 1842 1053; x_wconf 60' lang='lat' dir='ltr'>quo*</span> 
     </span>
     <span class='ocr_line' id='line_1_7' title="bbox 282 1051 1840 1136; baseline -0.001 -15"><span class='ocrx_word' id='word_1_59' title='bbox 282 1078 349 1133; x_wconf 81' lang='lat' dir='ltr'>quae</span> <span class='ocrx_word' id='word_1_60' title='bbox 371 1054 472 1120; x_wconf 87' lang='lat' dir='ltr'>fertur</span> <span class='ocrx_word' id='word_1_61' title='bbox 500 1057 600 1119; x_wconf 84' lang='lat' dir='ltr'>aiure</span> <span class='ocrx_word' id='word_1_62' title='bbox 627 1074 662 1117; x_wconf 86' lang='lat' dir='ltr'>ea</span> <span class='ocrx_word' id='word_1_63' title='bbox 687 1051 837 1128; x_wconf 78' lang='lat' dir='ltr'>ess,quae</span> <span class='ocrx_word' id='word_1_64' title='bbox 852 1054 1042 1136; x_wconf 72' lang='lat' dir='ltr'>perlegens,</span> <span class='ocrx_word' id='word_1_65' title='bbox 1079 1072 1166 1126; x_wconf 88' lang='lat' dir='ltr'>que,</span> <span class='ocrx_word' id='word_1_66' title='bbox 1192 1073 1269 1127; x_wconf 86' lang='lat' dir='ltr'>quos</span> <span class='ocrx_word' id='word_1_67' title='bbox 1300 1056 1424 1116; x_wconf 85' lang='lat' dir='ltr'>notorie</span> <span class='ocrx_word' id='word_1_68' title='bbox 1451 1057 1482 1114; x_wconf 91' lang='lat' dir='ltr'>in</span> <span class='ocrx_word' id='word_1_69' title='bbox 1513 1060 1840 1119; x_wconf 77' lang='lat' dir='ltr'>excommunicationis</span> 
     </span>
     <span class='ocr_line' id='line_1_8' title="bbox 281 1132 1839 1210; baseline -0.001 -9"><span class='ocrx_word' id='word_1_70' title='bbox 281 1157 451 1209; x_wconf 88' lang='lat' dir='ltr'>canonem,</span> <span class='ocrx_word' id='word_1_71' title='bbox 467 1133 635 1210; x_wconf 75' lang='lat' dir='ltr'>littorum,</span> <span class='ocrx_word' id='word_1_72' title='bbox 656 1133 906 1196; x_wconf 78' lang='lat' dir='ltr'>constitutionem</span> <span class='ocrx_word' id='word_1_73' title='bbox 923 1134 972 1193; x_wconf 87' lang='lat' dir='ltr'>len</span> <span class='ocrx_word' id='word_1_74' title='bbox 994 1133 1043 1192; x_wconf 92' lang='lat' dir='ltr'>de·</span> <span class='ocrx_word' id='word_1_75' title='bbox 1079 1133 1263 1195; x_wconf 89' lang='lat' dir='ltr'>sententiam</span> <span class='ocrx_word' id='word_1_76' title='bbox 1279 1132 1450 1196; x_wconf 79' lang='lat' dir='ltr'>consisterit</span> <span class='ocrx_word' id='word_1_77' title='bbox 1472 1135 1626 1196; x_wconf 84' lang='lat' dir='ltr'>incidisse.</span> <span class='ocrx_word' id='word_1_78' title='bbox 1657 1135 1770 1197; x_wconf 89' lang='lat' dir='ltr'>Verum</span> <span class='ocrx_word' id='word_1_79' title='bbox 1798 1157 1839 1200; x_wconf 86' lang='lat' dir='ltr'>ex</span> 
     </span>
     <span class='ocr_line' id='line_1_9' title="bbox 280 1209 1840 1292; baseline -0.002 -10"><span class='ocrx_word' id='word_1_80' title='bbox 280 1232 401 1282; x_wconf 85' lang='lat' dir='ltr'>ererum</span> <span class='ocrx_word' id='word_1_81' title='bbox 420 1214 591 1291; x_wconf 77' lang='lat' dir='ltr'>inducitur,</span> <span class='ocrx_word' id='word_1_82' title='bbox 612 1212 684 1275; x_wconf 85' lang='lat' dir='ltr'>idest</span> <span class='ocrx_word' id='word_1_83' title='bbox 701 1234 770 1274; x_wconf 90' lang='lat' dir='ltr'>cum</span> <span class='ocrx_word' id='word_1_84' title='bbox 792 1233 844 1287; x_wconf 87' lang='lat' dir='ltr'>per</span> <span class='ocrx_word' id='word_1_85' title='bbox 861 1212 1043 1276; x_wconf 70' lang='lat' dir='ltr'>alterutnum</span> <span class='ocrx_word' id='word_1_86' title='bbox 1077 1209 1297 1275; x_wconf 85' lang='lat' dir='ltr'>consuetudine</span> <span class='ocrx_word' id='word_1_87' title='bbox 1319 1215 1468 1287; x_wconf 72' lang='lat' dir='ltr'>praevalet</span> <span class='ocrx_word' id='word_1_88' title='bbox 1488 1212 1579 1276; x_wconf 86' lang='lat' dir='ltr'>Bulla</span> <span class='ocrx_word' id='word_1_89' title='bbox 1600 1214 1750 1292; x_wconf 80' lang='lat' dir='ltr'>Martini,</span> <span class='ocrx_word' id='word_1_90' title='bbox 1771 1238 1840 1290; x_wconf 80' lang='lat' dir='ltr'>quae</span> 
     </span>
     <span class='ocr_line' id='line_1_10' title="bbox 282 1291 1841 1375; baseline -0.002 -12"><span class='ocrx_word' id='word_1_91' title='bbox 282 1297 394 1363; x_wconf 81' lang='lat' dir='ltr'>borum</span> <span class='ocrx_word' id='word_1_92' title='bbox 432 1294 544 1371; x_wconf 87' lang='lat' dir='ltr'>aliquid</span> <span class='ocrx_word' id='word_1_93' title='bbox 583 1293 759 1370; x_wconf 85' lang='lat' dir='ltr'>prohibetur</span> <span class='ocrx_word' id='word_1_94' title='bbox 788 1292 847 1355; x_wconf 88' lang='lat' dir='ltr'>vel·</span> <span class='ocrx_word' id='word_1_95' title='bbox 866 1296 1041 1368; x_wconf 74' lang='lat' dir='ltr'>precipitur</span> <span class='ocrx_word' id='word_1_96' title='bbox 1077 1293 1198 1368; x_wconf 86' lang='lat' dir='ltr'>quidem</span> <span class='ocrx_word' id='word_1_97' title='bbox 1219 1293 1426 1375; x_wconf 70' lang='lat' dir='ltr'>nonhabetur</span> <span class='ocrx_word' id='word_1_98' title='bbox 1448 1296 1479 1353; x_wconf 92' lang='lat' dir='ltr'>in</span> <span class='ocrx_word' id='word_1_99' title='bbox 1500 1291 1730 1357; x_wconf 75' lang='lat' dir='ltr'>auiscmcnu</span> <span class='ocrx_word' id='word_1_100' title='bbox 1759 1295 1841 1359; x_wconf 90' lang='lat' dir='ltr'>Con·</span> 
     </span>
     <span class='ocr_line' id='line_1_11' title="bbox 285 1368 1840 1452; baseline 0 -13"><span class='ocrx_word' id='word_1_101' title='bbox 285 1374 336 1439; x_wconf 90' lang='lat' dir='ltr'>sub</span> <span class='ocrx_word' id='word_1_102' title='bbox 361 1393 452 1452; x_wconf 80' lang='lat' dir='ltr'>prena</span> <span class='ocrx_word' id='word_1_103' title='bbox 483 1373 808 1437; x_wconf 85' lang='lat' dir='ltr'>excommunicationis</span> <span class='ocrx_word' id='word_1_104' title='bbox 839 1371 889 1434; x_wconf 89' lang='lat' dir='ltr'>seu</span> <span class='ocrx_word' id='word_1_105' title='bbox 916 1371 1041 1432; x_wconf 84' lang='lat' dir='ltr'>anathe·</span> <span class='ocrx_word' id='word_1_106' title='bbox 1078 1368 1269 1448; x_wconf 86' lang='lat' dir='ltr'>llantiensrs,</span> <span class='ocrx_word' id='word_1_107' title='bbox 1289 1371 1336 1433; x_wconf 90' lang='lat' dir='ltr'>led</span> <span class='ocrx_word' id='word_1_108' title='bbox 1360 1368 1567 1434; x_wconf 84' lang='lat' dir='ltr'>resectoraS.</span> <span class='ocrx_word' id='word_1_109' title='bbox 1587 1377 1840 1451; x_wconf 79' lang='lat' dir='ltr'>antoninopart.</span> 
     </span>
     <span class='ocr_line' id='line_1_12' title="bbox 281 1449 1842 1532; baseline -0.001 -13"><span class='ocrx_word' id='word_1_110' title='bbox 281 1459 391 1521; x_wconf 87' lang='lat' dir='ltr'>matis.</span> <span class='ocrx_word' id='word_1_111' title='bbox 410 1459 488 1532; x_wconf 83' lang='lat' dir='ltr'>Quae</span> <span class='ocrx_word' id='word_1_112' title='bbox 507 1472 582 1517; x_wconf 87' lang='lat' dir='ltr'>vero</span> <span class='ocrx_word' id='word_1_113' title='bbox 599 1449 698 1516; x_wconf 88' lang='lat' dir='ltr'>fertur</span> <span class='ocrx_word' id='word_1_114' title='bbox 714 1449 751 1514; x_wconf 87' lang='lat' dir='ltr'>ab</span> <span class='ocrx_word' id='word_1_115' title='bbox 769 1452 889 1513; x_wconf 88' lang='lat' dir='ltr'>homine</span> <span class='ocrx_word' id='word_1_116' title='bbox 906 1450 960 1513; x_wconf 87' lang='lat' dir='ltr'>illa</span> <span class='ocrx_word' id='word_1_117' title='bbox 976 1450 1040 1530; x_wconf 84' lang='lat' dir='ltr'>eli,</span> <span class='ocrx_word' id='word_1_118' title='bbox 1079 1466 1105 1530; x_wconf 86' lang='lat'>3.</span> <span class='ocrx_word' id='word_1_119' title='bbox 1123 1450 1238 1513; x_wconf 87' lang='lat' dir='ltr'>ldcirco</span> <span class='ocrx_word' id='word_1_120' title='bbox 1259 1450 1359 1513; x_wconf 89' lang='lat' dir='ltr'>nullus</span> <span class='ocrx_word' id='word_1_121' title='bbox 1383 1459 1680 1529; x_wconf 78' lang='lat' dir='ltr'>excommunicatus,</span> <span class='ocrx_word' id='word_1_122' title='bbox 1705 1453 1767 1520; x_wconf 84' lang='lat' dir='ltr'>slve</span> <span class='ocrx_word' id='word_1_123' title='bbox 1787 1477 1842 1521; x_wconf 87' lang='lat' dir='ltr'>oc·</span> 
     </span>
     <span class='ocr_line' id='line_1_13' title="bbox 281 1530 1842 1614; baseline 0.001 -16"><span class='ocrx_word' id='word_1_124' title='bbox 281 1555 348 1614; x_wconf 80' lang='lat' dir='ltr'>qnae</span> <span class='ocrx_word' id='word_1_125' title='bbox 367 1532 467 1601; x_wconf 87' lang='lat' dir='ltr'>fertur</span> <span class='ocrx_word' id='word_1_126' title='bbox 485 1555 502 1595; x_wconf 87' lang='lat' dir='ltr'>a</span> <span class='ocrx_word' id='word_1_127' title='bbox 518 1533 682 1610; x_wconf 86' lang='lat' dir='ltr'>Superiore</span> <span class='ocrx_word' id='word_1_128' title='bbox 700 1535 892 1607; x_wconf 77' lang='lat' dir='ltr'>praecipiente</span> <span class='ocrx_word' id='word_1_129' title='bbox 910 1531 1040 1606; x_wconf 85' lang='lat' dir='ltr'>aliquid,</span> <span class='ocrx_word' id='word_1_130' title='bbox 1075 1531 1204 1609; x_wconf 89' lang='lat' dir='ltr'>cultus,</span> <span class='ocrx_word' id='word_1_131' title='bbox 1226 1530 1288 1593; x_wconf 82' lang='lat' dir='ltr'>live</span> <span class='ocrx_word' id='word_1_132' title='bbox 1305 1531 1441 1606; x_wconf 87' lang='lat' dir='ltr'>publicus</span> <span class='ocrx_word' id='word_1_133' title='bbox 1452 1553 1511 1595; x_wconf 93' lang='lat' dir='ltr'>non</span> <span class='ocrx_word' id='word_1_134' title='bbox 1521 1535 1738 1613; x_wconf 68' lang='lat' dir='ltr'>denunciarus,</span> <span class='ocrx_word' id='word_1_135' title='bbox 1756 1538 1842 1601; x_wconf 88' lang='lat' dir='ltr'>vidi·</span> 
     </span>
     <span class='ocr_line' id='line_1_14' title="bbox 282 1609 1839 1693; baseline -0.001 -15"><span class='ocrx_word' id='word_1_136' title='bbox 282 1612 421 1693; x_wconf 78' lang='lat' dir='ltr'>imposita</span> <span class='ocrx_word' id='word_1_137' title='bbox 440 1632 552 1678; x_wconf 88' lang='lat' dir='ltr'>contra</span> <span class='ocrx_word' id='word_1_138' title='bbox 574 1612 783 1675; x_wconf 79' lang='lat' dir='ltr'>inobedientes</span> <span class='ocrx_word' id='word_1_139' title='bbox 803 1630 893 1686; x_wconf 87' lang='lat' dir='ltr'>poena</span> <span class='ocrx_word' id='word_1_140' title='bbox 918 1630 1037 1679; x_wconf 85' lang='lat' dir='ltr'>excom·</span> <span class='ocrx_word' id='word_1_141' title='bbox 1075 1610 1129 1674; x_wconf 74' lang='lat' dir='ltr'>diae</span> <span class='ocrx_word' id='word_1_142' title='bbox 1150 1609 1250 1675; x_wconf 79' lang='lat' dir='ltr'>Bullae</span> <span class='ocrx_word' id='word_1_143' title='bbox 1267 1611 1310 1673; x_wconf 86' lang='lat' dir='ltr'>ell</span> <span class='ocrx_word' id='word_1_144' title='bbox 1333 1610 1496 1690; x_wconf 81' lang='lat' dir='ltr'>vitandus,</span> <span class='ocrx_word' id='word_1_145' title='bbox 1516 1630 1648 1691; x_wconf 89' lang='lat' dir='ltr'>excepto</span> <span class='ocrx_word' id='word_1_146' title='bbox 1663 1611 1759 1677; x_wconf 75' lang='lat' dir='ltr'>silum</span> <span class='ocrx_word' id='word_1_147' title='bbox 1783 1638 1839 1692; x_wconf 88' lang='lat' dir='ltr'>pu-</span> 
     </span>
     <span class='ocr_line' id='line_1_15' title="bbox 282 1690 1839 1770; baseline 0 -12"><span class='ocrx_word' id='word_1_148' title='bbox 282 1697 522 1770; x_wconf 86' lang='lat' dir='ltr'>municationis,</span> <span class='ocrx_word' id='word_1_149' title='bbox 541 1711 649 1768; x_wconf 85' lang='lat' dir='ltr'>nempe</span> <span class='ocrx_word' id='word_1_150' title='bbox 671 1711 723 1768; x_wconf 90' lang='lat' dir='ltr'>per</span> <span class='ocrx_word' id='word_1_151' title='bbox 747 1708 932 1767; x_wconf 84' lang='lat' dir='ltr'>praeceptum</span> <span class='ocrx_word' id='word_1_152' title='bbox 957 1708 1039 1754; x_wconf 82' lang='lat' dir='ltr'>tran·</span> <span class='ocrx_word' id='word_1_153' title='bbox 1075 1690 1153 1753; x_wconf 84' lang='lat' dir='ltr'>blico</span> <span class='ocrx_word' id='word_1_154' title='bbox 1169 1691 1279 1755; x_wconf 84' lang='lat' dir='ltr'>Clerici</span> <span class='ocrx_word' id='word_1_155' title='bbox 1302 1692 1493 1767; x_wconf 82' lang='lat' dir='ltr'>percussore,</span> <span class='ocrx_word' id='word_1_156' title='bbox 1511 1715 1581 1756; x_wconf 87' lang='lat' dir='ltr'>cum</span> <span class='ocrx_word' id='word_1_157' title='bbox 1602 1694 1638 1755; x_wconf 91' lang='lat' dir='ltr'>de</span> <span class='ocrx_word' id='word_1_158' title='bbox 1655 1693 1710 1758; x_wconf 92' lang='lat' dir='ltr'>hoc</span> <span class='ocrx_word' id='word_1_159' title='bbox 1727 1698 1839 1760; x_wconf 88' lang='lat' dir='ltr'>solum·</span> 
     </span>
     <span class='ocr_line' id='line_1_16' title="bbox 281 1767 1838 1850; baseline 0.002 -12"><span class='ocrx_word' id='word_1_160' title='bbox 281 1772 437 1846; x_wconf 81' lang='lat' dir='ltr'>sitorium,</span> <span class='ocrx_word' id='word_1_161' title='bbox 460 1776 509 1838; x_wconf 90' lang='lat' dir='ltr'>vel</span> <span class='ocrx_word' id='word_1_162' title='bbox 529 1791 653 1850; x_wconf 88' lang='lat' dir='ltr'>propter</span> <span class='ocrx_word' id='word_1_163' title='bbox 669 1770 791 1847; x_wconf 85' lang='lat' dir='ltr'>aliquod</span> <span class='ocrx_word' id='word_1_164' title='bbox 817 1767 959 1833; x_wconf 72' lang='lat' dir='ltr'>desidium</span> <span class='ocrx_word' id='word_1_165' title='bbox 987 1790 1038 1845; x_wconf 90' lang='lat' dir='ltr'>per</span> <span class='ocrx_word' id='word_1_166' title='bbox 1076 1769 1222 1834; x_wconf 84' lang='lat' dir='ltr'>modoet</span> <span class='ocrx_word' id='word_1_167' title='bbox 1242 1771 1461 1846; x_wconf 86' lang='lat' dir='ltr'>loquatur,ut</span> <span class='ocrx_word' id='word_1_168' title='bbox 1488 1770 1581 1835; x_wconf 82' lang='lat' dir='ltr'>refert</span> <span class='ocrx_word' id='word_1_169' title='bbox 1606 1773 1636 1833; x_wconf 83' lang='lat' dir='ltr'>S.</span> <span class='ocrx_word' id='word_1_170' title='bbox 1659 1777 1838 1841; x_wconf 82' lang='lat' dir='ltr'>Antoninus</span> 
     </span>
     <span class='ocr_line' id='line_1_17' title="bbox 283 1845 1837 1936; baseline 0.001 -19"><span class='ocrx_word' id='word_1_171' title='bbox 283 1855 390 1919; x_wconf 88' lang='lat' dir='ltr'>iudicis</span> <span class='ocrx_word' id='word_1_172' title='bbox 427 1852 612 1917; x_wconf 83' lang='lat' dir='ltr'>sententiam</span> <span class='ocrx_word' id='word_1_173' title='bbox 638 1851 825 1927; x_wconf 77' lang='lat' dir='ltr'>delinquenti</span> <span class='ocrx_word' id='word_1_174' title='bbox 862 1845 1038 1927; x_wconf 84' lang='lat' dir='ltr'>infligitur,</span> <span class='ocrx_word' id='word_1_175' title='bbox 1074 1851 1358 1914; x_wconf 85' lang='lat' dir='ltr'>antealaudatur.</span> <span class='ocrx_word' id='word_1_176' title='bbox 1382 1848 1473 1913; x_wconf 91' lang='lat' dir='ltr'>Unde</span> <span class='ocrx_word' id='word_1_177' title='bbox 1501 1858 1756 1918; x_wconf 84' lang='lat' dir='ltr'>excommunicati</span> <span class='ocrx_word' id='word_1_178' title='bbox 1780 1859 1837 1936; x_wconf 64' lang='lat' dir='ltr'>alii</span> 
     </span>
     <span class='ocr_line' id='line_1_18' title="bbox 281 1928 1839 2010; baseline 0.003 -13"><span class='ocrx_word' id='word_1_179' title='bbox 281 1931 341 1998; x_wconf 81' lang='lat' dir='ltr'>fine</span> <span class='ocrx_word' id='word_1_180' title='bbox 366 1955 426 2010; x_wconf 84' lang='lat' dir='ltr'>qua</span> <span class='ocrx_word' id='word_1_181' title='bbox 450 1934 557 1996; x_wconf 90' lang='lat' dir='ltr'>iudicis</span> <span class='ocrx_word' id='word_1_182' title='bbox 581 1928 769 2009; x_wconf 88' lang='lat' dir='ltr'>sententia,</span> <span class='ocrx_word' id='word_1_183' title='bbox 799 1931 894 1993; x_wconf 88' lang='lat' dir='ltr'>etiam</span> <span class='ocrx_word' id='word_1_184' title='bbox 918 1929 1040 2005; x_wconf 86' lang='lat' dir='ltr'>quando</span> <span class='ocrx_word' id='word_1_185' title='bbox 1075 1929 1142 1993; x_wconf 90' lang='lat' dir='ltr'>lunt</span> <span class='ocrx_word' id='word_1_186' title='bbox 1164 1930 1310 2006; x_wconf 84' lang='lat' dir='ltr'>tolerati,</span> <span class='ocrx_word' id='word_1_187' title='bbox 1331 1949 1405 2006; x_wconf 88' lang='lat' dir='ltr'>quos</span> <span class='ocrx_word' id='word_1_188' title='bbox 1429 1932 1545 1996; x_wconf 90' lang='lat' dir='ltr'>scilicet</span> <span class='ocrx_word' id='word_1_189' title='bbox 1566 1930 1681 1995; x_wconf 80' lang='lat' dir='ltr'>Fideles</span> <span class='ocrx_word' id='word_1_190' title='bbox 1701 1955 1762 1998; x_wconf 92' lang='lat' dir='ltr'>non</span> <span class='ocrx_word' id='word_1_191' title='bbox 1793 1956 1839 2000; x_wconf 89' lang='lat' dir='ltr'>te·</span> 
     </span>
     <span class='ocr_line' id='line_1_19' title="bbox 281 2009 1838 2089; baseline 0.002 -12"><span class='ocrx_word' id='word_1_192' title='bbox 281 2016 446 2089; x_wconf 73' lang='lat' dir='ltr'>imponitur</span> <span class='ocrx_word' id='word_1_193' title='bbox 467 2017 498 2074; x_wconf 92' lang='lat' dir='ltr'>in</span> <span class='ocrx_word' id='word_1_194' title='bbox 527 2030 707 2089; x_wconf 76' lang='lat' dir='ltr'>precepto,</span> <span class='ocrx_word' id='word_1_195' title='bbox 731 2010 795 2073; x_wconf 86' lang='lat' dir='ltr'>haec</span> <span class='ocrx_word' id='word_1_196' title='bbox 822 2029 973 2084; x_wconf 88' lang='lat' dir='ltr'>nunquam</span> <span class='ocrx_word' id='word_1_197' title='bbox 993 2013 1039 2071; x_wconf 92' lang='lat' dir='ltr'>in·</span> <span class='ocrx_word' id='word_1_198' title='bbox 1074 2027 1188 2073; x_wconf 85' lang='lat' dir='ltr'>nentur</span> <span class='ocrx_word' id='word_1_199' title='bbox 1208 2011 1331 2087; x_wconf 88' lang='lat' dir='ltr'>vitate‚·</span> <span class='ocrx_word' id='word_1_200' title='bbox 1352 2009 1403 2073; x_wconf 92' lang='lat' dir='ltr'>alii</span> <span class='ocrx_word' id='word_1_201' title='bbox 1425 2030 1485 2074; x_wconf 91' lang='lat' dir='ltr'>non</span> <span class='ocrx_word' id='word_1_202' title='bbox 1507 2011 1651 2089; x_wconf 81' lang='lat' dir='ltr'>tolerarit,</span> <span class='ocrx_word' id='word_1_203' title='bbox 1667 2035 1741 2089; x_wconf 88' lang='lat' dir='ltr'>quos</span> <span class='ocrx_word' id='word_1_204' title='bbox 1759 2020 1838 2080; x_wconf 84' lang='lat' dir='ltr'>vite-</span> 
     </span>
     <span class='ocr_line' id='line_1_20' title="bbox 280 2086 1958 2170; baseline -0.001 -12"><span class='ocrx_word' id='word_1_205' title='bbox 280 2097 432 2158; x_wconf 79' lang='lat' dir='ltr'>curritut.</span> <span class='ocrx_word' id='word_1_206' title='bbox 455 2093 640 2170; x_wconf 83' lang='lat' dir='ltr'>Hincpatet</span> <span class='ocrx_word' id='word_1_207' title='bbox 665 2086 981 2167; x_wconf 84' lang='lat' dir='ltr'>supponi,censurarn</span> <span class='ocrx_word' id='word_1_208' title='bbox 1006 2093 1037 2151; x_wconf 93' lang='lat' dir='ltr'>in</span> <span class='ocrx_word' id='word_1_209' title='bbox 1074 2111 1106 2153; x_wconf 92' lang='lat' dir='ltr'>re</span> <span class='ocrx_word' id='word_1_210' title='bbox 1132 2108 1303 2166; x_wconf 90' lang='lat' dir='ltr'>tenentur,</span> <span class='ocrx_word' id='word_1_211' title='bbox 1326 2110 1431 2165; x_wconf 84' lang='lat' dir='ltr'>nempe</span> <span class='ocrx_word' id='word_1_212' title='bbox 1455 2094 1635 2154; x_wconf 88' lang='lat' dir='ltr'>nominatim</span> <span class='ocrx_word' id='word_1_213' title='bbox 1662 2092 1696 2157; x_wconf 86' lang='lat' dir='ltr'>dt</span> <span class='ocrx_word' id='word_1_214' title='bbox 1719 2095 1837 2169; x_wconf 78' lang='lat' dir='ltr'>publice</span> <span class='ocrx_word' id='word_1_215' title='bbox 1934 2117 1958 2168; x_wconf 79' lang='lat' dir='ltr'><em>l</em></span> 
     </span>
     <span class='ocr_line' id='line_1_21' title="bbox 281 2169 2037 2265; baseline -0.001 -27"><span class='ocrx_word' id='word_1_216' title='bbox 281 2188 389 2252; x_wconf 70' lang='lat' dir='ltr'>genem</span> <span class='ocrx_word' id='word_1_217' title='bbox 407 2173 498 2236; x_wconf 87' lang='lat' dir='ltr'>aliam</span> <span class='ocrx_word' id='word_1_218' title='bbox 514 2173 707 2247; x_wconf 81' lang='lat' dir='ltr'>elseaiure,</span> <span class='ocrx_word' id='word_1_219' title='bbox 729 2170 821 2233; x_wconf 82' lang='lat' dir='ltr'>aliam</span> <span class='ocrx_word' id='word_1_220' title='bbox 838 2170 876 2232; x_wconf 89' lang='lat' dir='ltr'>ab</span> <span class='ocrx_word' id='word_1_221' title='bbox 899 2170 1036 2233; x_wconf 85' lang='lat' dir='ltr'>homine.</span> <span class='ocrx_word' id='word_1_222' title='bbox 1073 2171 1275 2249; x_wconf 85' lang='lat' dir='ltr'>denunciari,</span> <span class='ocrx_word' id='word_1_223' title='bbox 1300 2169 1349 2233; x_wconf 89' lang='lat' dir='ltr'>vel</span> <span class='ocrx_word' id='word_1_224' title='bbox 1368 2175 1478 2233; x_wconf 89' lang='lat' dir='ltr'>notorii</span> <span class='ocrx_word' id='word_1_225' title='bbox 1497 2170 1691 2235; x_wconf 71' lang='lat' dir='ltr'>clericorum</span> <span class='ocrx_word' id='word_1_226' title='bbox 1719 2175 1836 2252; x_wconf 65' lang='lat' dir='ltr'>percus</span> <span class='ocrx_word' id='word_1_227' title='bbox 1913 2172 2037 2265; x_wconf 30' lang='lat' dir='ltr'>ss*</span> 
     </span>
     <span class='ocr_line' id='line_1_22' title="bbox 282 2248 2065 2329; baseline -0.004 -12"><span class='ocrx_word' id='word_1_228' title='bbox 282 2255 378 2317; x_wconf 82' lang='lat' dir='ltr'>Prima</span> <span class='ocrx_word' id='word_1_229' title='bbox 399 2254 531 2327; x_wconf 88' lang='lat' dir='ltr'>dicitur,</span> <span class='ocrx_word' id='word_1_230' title='bbox 552 2271 620 2329; x_wconf 83' lang='lat' dir='ltr'>quae</span> <span class='ocrx_word' id='word_1_231' title='bbox 640 2252 754 2326; x_wconf 79' lang='lat' dir='ltr'>persus</span> <span class='ocrx_word' id='word_1_232' title='bbox 775 2249 1039 2329; x_wconf 85' lang='lat' dir='ltr'>aliquodlataell,</span> <span class='ocrx_word' id='word_1_233' title='bbox 1073 2248 1171 2316; x_wconf 88' lang='lat' dir='ltr'>sores.</span> <span class='ocrx_word' id='word_1_234' title='bbox 1898 2267 1930 2310; x_wconf 60' lang='lat' dir='ltr'>is</span> <span class='ocrx_word' id='word_1_235' title='bbox 2063 2271 2065 2276; x_wconf 68' lang='grc'>’</span> 
     </span>
     <span class='ocr_line' id='line_1_23' title="bbox 281 2329 1877 2414; baseline 0.004 -17"><span class='ocrx_word' id='word_1_236' title='bbox 281 2332 312 2397; x_wconf 84' lang='lat' dir='ltr'>dt</span> <span class='ocrx_word' id='word_1_237' title='bbox 332 2333 424 2397; x_wconf 86' lang='lat' dir='ltr'>habet</span> <span class='ocrx_word' id='word_1_238' title='bbox 442 2337 592 2407; x_wconf 85' lang='lat' dir='ltr'>rationem</span> <span class='ocrx_word' id='word_1_239' title='bbox 608 2329 689 2408; x_wconf 87' lang='lat' dir='ltr'>quast</span> <span class='ocrx_word' id='word_1_240' title='bbox 708 2331 782 2409; x_wconf 78' lang='lat' dir='ltr'>legis</span> <span class='ocrx_word' id='word_1_241' title='bbox 798 2349 942 2408; x_wconf 86' lang='lat' dir='ltr'>perpetuo</span> <span class='ocrx_word' id='word_1_242' title='bbox 961 2332 1037 2394; x_wconf 91' lang='lat' dir='ltr'>obli·</span> <span class='ocrx_word' id='word_1_243' title='bbox 1113 2334 1160 2397; x_wconf 81' lang='lat' dir='ltr'>Ad</span> <span class='ocrx_word' id='word_1_244' title='bbox 1179 2332 1356 2398; x_wconf 87' lang='lat' dir='ltr'>mutandam</span> <span class='ocrx_word' id='word_1_245' title='bbox 1379 2333 1521 2399; x_wconf 72' lang='lat' dir='ltr'>Ecclesia</span> <span class='ocrx_word' id='word_1_246' title='bbox 1546 2335 1732 2414; x_wconf 85' lang='lat' dir='ltr'>disciplinam</span> <span class='ocrx_word' id='word_1_247' title='bbox 1753 2341 1877 2403; x_wconf 74' lang='lat' dir='ltr'>circas</span> 
     </span>
     <span class='ocr_line' id='line_1_24' title="bbox 281 2409 1837 2495; baseline 0.003 -19"><span class='ocrx_word' id='word_1_248' title='bbox 281 2419 409 2491; x_wconf 74' lang='lat' dir='ltr'>gantis,</span> <span class='ocrx_word' id='word_1_249' title='bbox 439 2413 532 2476; x_wconf 87' lang='lat' dir='ltr'>donec</span> <span class='ocrx_word' id='word_1_250' title='bbox 554 2432 607 2487; x_wconf 90' lang='lat' dir='ltr'>per</span> <span class='ocrx_word' id='word_1_251' title='bbox 635 2412 803 2495; x_wconf 83' lang='lat' dir='ltr'>legitimam</span> <span class='ocrx_word' id='word_1_252' title='bbox 819 2409 1038 2476; x_wconf 79' lang='lat' dir='ltr'>tusioritatem</span> <span class='ocrx_word' id='word_1_253' title='bbox 1071 2416 1379 2489; x_wconf 87' lang='lat' dir='ltr'>excommunicatos,</span> <span class='ocrx_word' id='word_1_254' title='bbox 1408 2420 1453 2478; x_wconf 86' lang='lat' dir='ltr'>ita</span> <span class='ocrx_word' id='word_1_255' title='bbox 1489 2418 1557 2479; x_wconf 89' lang='lat' dir='ltr'>illos</span> <span class='ocrx_word' id='word_1_256' title='bbox 1592 2416 1837 2494; x_wconf 78' lang='lat' dir='ltr'>distinguendo,</span> 
     </span>
     <span class='ocr_line' id='line_1_25' title="bbox 280 2489 1836 2576; baseline 0.004 -22"><span class='ocrx_word' id='word_1_257' title='bbox 280 2512 340 2555; x_wconf 91' lang='lat' dir='ltr'>non</span> <span class='ocrx_word' id='word_1_258' title='bbox 358 2492 537 2569; x_wconf 80' lang='lat' dir='ltr'>abrogetur.</span> <span class='ocrx_word' id='word_1_259' title='bbox 553 2492 779 2556; x_wconf 88' lang='lat' dir='ltr'>Siccenlentur</span> <span class='ocrx_word' id='word_1_260' title='bbox 794 2510 861 2567; x_wconf 79' lang='lat' dir='ltr'>quae</span> <span class='ocrx_word' id='word_1_261' title='bbox 878 2492 950 2556; x_wconf 84' lang='lat' dir='ltr'>latae</span> <span class='ocrx_word' id='word_1_262' title='bbox 968 2489 1037 2556; x_wconf 88' lang='lat' dir='ltr'>sunt</span> <span class='ocrx_word' id='word_1_263' title='bbox 1072 2495 1172 2576; x_wconf 78' lang='lat' dir='ltr'>movit</span> <span class='ocrx_word' id='word_1_264' title='bbox 1194 2513 1335 2555; x_wconf 90' lang='lat' dir='ltr'>numerus</span> <span class='ocrx_word' id='word_1_265' title='bbox 1351 2501 1703 2561; x_wconf 85' lang='lat' dir='ltr'>excommunicationum</span> <span class='ocrx_word' id='word_1_266' title='bbox 1720 2518 1737 2561; x_wconf 86' lang='lat' dir='ltr'>a</span> <span class='ocrx_word' id='word_1_267' title='bbox 1758 2500 1836 2574; x_wconf 89' lang='lat' dir='ltr'>iure,</span> 
     </span>
     <span class='ocr_line' id='line_1_26' title="bbox 280 2570 1836 2651; baseline 0.003 -16"><span class='ocrx_word' id='word_1_268' title='bbox 280 2571 515 2649; x_wconf 83' lang='lat' dir='ltr'>tCanonibus,</span> <span class='ocrx_word' id='word_1_269' title='bbox 540 2592 575 2636; x_wconf 88' lang='lat' dir='ltr'>ur</span> <span class='ocrx_word' id='word_1_270' title='bbox 600 2576 630 2632; x_wconf 91' lang='lat' dir='ltr'>in</span> <span class='ocrx_word' id='word_1_271' title='bbox 651 2570 815 2649; x_wconf 87' lang='lat' dir='ltr'>Conciliis,</span> <span class='ocrx_word' id='word_1_272' title='bbox 842 2570 876 2636; x_wconf 85' lang='lat' dir='ltr'>dc</span> <span class='ocrx_word' id='word_1_273' title='bbox 897 2576 927 2633; x_wconf 93' lang='lat' dir='ltr'>in</span> <span class='ocrx_word' id='word_1_274' title='bbox 948 2571 1037 2635; x_wconf 86' lang='lat' dir='ltr'>Bulla</span> <span class='ocrx_word' id='word_1_275' title='bbox 1075 2572 1123 2636; x_wconf 88' lang='lat' dir='ltr'>vel</span> <span class='ocrx_word' id='word_1_276' title='bbox 1146 2575 1306 2635; x_wconf 74' lang='lat' dir='ltr'>sententie</span> <span class='ocrx_word' id='word_1_277' title='bbox 1327 2572 1508 2649; x_wconf 81' lang='lat' dir='ltr'>generaliter</span> <span class='ocrx_word' id='word_1_278' title='bbox 1529 2577 1620 2651; x_wconf 82' lang='lat' dir='ltr'>laras,</span> <span class='ocrx_word' id='word_1_279' title='bbox 1639 2581 1688 2651; x_wconf 87' lang='lat' dir='ltr'>qui</span> <span class='ocrx_word' id='word_1_280' title='bbox 1702 2576 1836 2639; x_wconf 89' lang='lat' dir='ltr'>multum</span> 
     </span>
     <span class='ocr_line' id='line_1_27' title="bbox 282 2648 1836 2731; baseline 0.005 -18"><span class='ocrx_word' id='word_1_281' title='bbox 282 2650 408 2716; x_wconf 84' lang='lat' dir='ltr'>Coenae.</span> <span class='ocrx_word' id='word_1_282' title='bbox 429 2653 584 2725; x_wconf 85' lang='lat' dir='ltr'>Secunda,</span> <span class='ocrx_word' id='word_1_283' title='bbox 601 2672 669 2728; x_wconf 80' lang='lat' dir='ltr'>quas</span> <span class='ocrx_word' id='word_1_284' title='bbox 690 2648 787 2714; x_wconf 86' lang='lat' dir='ltr'>fertur</span> <span class='ocrx_word' id='word_1_285' title='bbox 807 2650 843 2714; x_wconf 88' lang='lat' dir='ltr'>ab</span> <span class='ocrx_word' id='word_1_286' title='bbox 862 2650 1037 2715; x_wconf 71' lang='lat' dir='ltr'>aflualiali·</span> <span class='ocrx_word' id='word_1_287' title='bbox 1072 2668 1256 2714; x_wconf 85' lang='lat' dir='ltr'>excreverat</span> <span class='ocrx_word' id='word_1_288' title='bbox 1278 2672 1297 2713; x_wconf 88' lang='lat' dir='ltr'>a</span> <span class='ocrx_word' id='word_1_289' title='bbox 1316 2654 1434 2713; x_wconf 87' lang='lat' dir='ltr'>decimo</span> <span class='ocrx_word' id='word_1_290' title='bbox 1461 2650 1590 2731; x_wconf 72' lang='lat' dir='ltr'>seculo,</span> <span class='ocrx_word' id='word_1_291' title='bbox 1610 2655 1681 2717; x_wconf 87' lang='lat' dir='ltr'>dum</span> <span class='ocrx_word' id='word_1_292' title='bbox 1701 2655 1836 2730; x_wconf 90' lang='lat' dir='ltr'>superio·</span> 
     </span>
     <span class='ocr_line' id='line_1_28' title="bbox 278 2727 1837 2811; baseline 0.003 -17"><span class='ocrx_word' id='word_1_293' title='bbox 278 2753 339 2809; x_wconf 87' lang='lat' dir='ltr'>quo</span> <span class='ocrx_word' id='word_1_294' title='bbox 367 2735 502 2811; x_wconf 76' lang='lat' dir='ltr'>legitimo</span> <span class='ocrx_word' id='word_1_295' title='bbox 534 2733 695 2807; x_wconf 78' lang='lat' dir='ltr'>Superiora</span> <span class='ocrx_word' id='word_1_296' title='bbox 720 2731 800 2805; x_wconf 83' lang='lat' dir='ltr'>quali</span> <span class='ocrx_word' id='word_1_297' title='bbox 833 2750 883 2807; x_wconf 91' lang='lat' dir='ltr'>per</span> <span class='ocrx_word' id='word_1_298' title='bbox 916 2730 1037 2790; x_wconf 92' lang='lat' dir='ltr'>modum</span> <span class='ocrx_word' id='word_1_299' title='bbox 1061 2728 1154 2792; x_wconf 81' lang='lat' dir='ltr'>ribus</span> <span class='ocrx_word' id='word_1_300' title='bbox 1181 2730 1299 2792; x_wconf 81' lang='lat' dir='ltr'>laeculis</span> <span class='ocrx_word' id='word_1_301' title='bbox 1324 2751 1387 2792; x_wconf 91' lang='lat' dir='ltr'>non</span> <span class='ocrx_word' id='word_1_302' title='bbox 1408 2727 1600 2809; x_wconf 80' lang='lat' dir='ltr'>infligebatur</span> <span class='ocrx_word' id='word_1_303' title='bbox 1628 2738 1837 2798; x_wconf 87' lang='lat' dir='ltr'>excommnni·</span> 
     </span>
     <span class='ocr_line' id='line_1_29' title="bbox 279 2808 1833 2889; baseline 0.004 -16"><span class='ocrx_word' id='word_1_304' title='bbox 279 2818 424 2886; x_wconf 84' lang='lat' dir='ltr'>praecenri</span> <span class='ocrx_word' id='word_1_305' title='bbox 447 2808 633 2876; x_wconf 87' lang='lat' dir='ltr'>transeuntis</span> <span class='ocrx_word' id='word_1_306' title='bbox 654 2859 662 2887; x_wconf 93' lang='lat'>,</span> <span class='ocrx_word' id='word_1_307' title='bbox 683 2810 846 2889; x_wconf 79' lang='lat' dir='ltr'>obligantis</span> <span class='ocrx_word' id='word_1_308' title='bbox 872 2809 907 2872; x_wconf 88' lang='lat' dir='ltr'>ad</span> <span class='ocrx_word' id='word_1_309' title='bbox 925 2808 1037 2883; x_wconf 87' lang='lat' dir='ltr'>aliquid</span> <span class='ocrx_word' id='word_1_310' title='bbox 1072 2812 1157 2873; x_wconf 82' lang='lat' dir='ltr'>catio</span> <span class='ocrx_word' id='word_1_311' title='bbox 1184 2810 1237 2872; x_wconf 85' lang='lat' dir='ltr'>mli</span> <span class='ocrx_word' id='word_1_312' title='bbox 1264 2831 1316 2885; x_wconf 89' lang='lat' dir='ltr'>per</span> <span class='ocrx_word' id='word_1_313' title='bbox 1343 2812 1556 2884; x_wconf 85' lang='lat' dir='ltr'>particularem</span> <span class='ocrx_word' id='word_1_314' title='bbox 1587 2813 1773 2878; x_wconf 89' lang='lat' dir='ltr'>sententiam</span> <span class='ocrx_word' id='word_1_315' title='bbox 1802 2819 1833 2880; x_wconf 91' lang='lat' dir='ltr'>io</span> 
     </span>
     <span class='ocr_line' id='line_1_30' title="bbox 280 2886 1835 2970; baseline 0.005 -19"><span class='ocrx_word' id='word_1_316' title='bbox 280 2888 456 2955; x_wconf 89' lang='lat' dir='ltr'>faciendum</span> <span class='ocrx_word' id='word_1_317' title='bbox 473 2893 523 2954; x_wconf 88' lang='lat' dir='ltr'>vel</span> <span class='ocrx_word' id='word_1_318' title='bbox 541 2891 764 2954; x_wconf 82' lang='lat' dir='ltr'>omittendum.</span> <span class='ocrx_word' id='word_1_319' title='bbox 787 2886 877 2954; x_wconf 89' lang='lat' dir='ltr'>Unde</span> <span class='ocrx_word' id='word_1_320' title='bbox 894 2887 948 2952; x_wconf 89' lang='lat' dir='ltr'>illa</span> <span class='ocrx_word' id='word_1_321' title='bbox 968 2908 1037 2964; x_wconf 78' lang='lat' dir='ltr'>quta</span> <span class='ocrx_word' id='word_1_322' title='bbox 1072 2910 1153 2968; x_wconf 88' lang='lat' dir='ltr'>eos,</span> <span class='ocrx_word' id='word_1_323' title='bbox 1181 2891 1231 2964; x_wconf 91' lang='lat' dir='ltr'>qui</span> <span class='ocrx_word' id='word_1_324' title='bbox 1253 2892 1387 2953; x_wconf 88' lang='lat' dir='ltr'>criminis</span> <span class='ocrx_word' id='word_1_325' title='bbox 1410 2895 1504 2954; x_wconf 89' lang='lat' dir='ltr'>ellent</span> <span class='ocrx_word' id='word_1_326' title='bbox 1529 2892 1661 2960; x_wconf 76' lang='lat' dir='ltr'>conviiii</span> <span class='ocrx_word' id='word_1_327' title='bbox 1683 2942 1691 2970; x_wconf 93' lang='lat'>,</span> <span class='ocrx_word' id='word_1_328' title='bbox 1711 2895 1759 2957; x_wconf 89' lang='lat' dir='ltr'>vel</span> <span class='ocrx_word' id='word_1_329' title='bbox 1791 2915 1835 2960; x_wconf 89' lang='lat' dir='ltr'>re·</span> 
     </span>
     <span class='ocr_line' id='line_1_31' title="bbox 278 2968 1835 3056; baseline 0.005 -25"><span class='ocrx_word' id='word_1_330' title='bbox 278 2971 320 3031; x_wconf 89' lang='lat' dir='ltr'>ell</span> <span class='ocrx_word' id='word_1_331' title='bbox 350 2992 366 3034; x_wconf 94' lang='lat' dir='ltr'>a</span> <span class='ocrx_word' id='word_1_332' title='bbox 388 2977 470 3048; x_wconf 88' lang='lat' dir='ltr'>iure,</span> <span class='ocrx_word' id='word_1_333' title='bbox 494 2968 608 3046; x_wconf 89' lang='lat' dir='ltr'>semper</span> <span class='ocrx_word' id='word_1_334' title='bbox 628 2969 671 3034; x_wconf 82' lang='lat' dir='ltr'>esl</span> <span class='ocrx_word' id='word_1_335' title='bbox 695 2970 846 3048; x_wconf 84' lang='lat' dir='ltr'>generalis</span> <span class='ocrx_word' id='word_1_336' title='bbox 865 2991 876 3044; x_wconf 89' lang='lat'><em>;</em></span> <span class='ocrx_word' id='word_1_337' title='bbox 903 2989 970 3045; x_wconf 73' lang='lat' dir='ltr'>qua:</span> <span class='ocrx_word' id='word_1_338' title='bbox 1001 2970 1038 3031; x_wconf 94' lang='lat' dir='ltr'>ab</span> <span class='ocrx_word' id='word_1_339' title='bbox 1073 2969 1160 3031; x_wconf 90' lang='lat' dir='ltr'>llium</span> <span class='ocrx_word' id='word_1_340' title='bbox 1176 2968 1363 3046; x_wconf 83' lang='lat' dir='ltr'>depositione</span> <span class='ocrx_word' id='word_1_341' title='bbox 1380 2971 1458 3045; x_wconf 68' lang='lat' dir='ltr'>,vel</span> <span class='ocrx_word' id='word_1_342' title='bbox 1479 2979 1597 3050; x_wconf 88' lang='lat' dir='ltr'>propria</span> <span class='ocrx_word' id='word_1_343' title='bbox 1620 2971 1804 3039; x_wconf 82' lang='lat' dir='ltr'>consessione</span> <span class='ocrx_word' id='word_1_344' title='bbox 1825 3026 1835 3056; x_wconf 95' lang='lat'>,</span> 
     </span>
     <span class='ocr_line' id='line_1_32' title="bbox 276 3048 1843 3199; baseline 0.008 -88"><span class='ocrx_word' id='word_1_345' title='bbox 276 3048 597 3126; x_wconf 87' lang='lat' dir='ltr'>homine,aliquando</span> <span class='ocrx_word' id='word_1_346' title='bbox 607 3052 776 3128; x_wconf 81' lang='lat' dir='ltr'>generalis,</span> <span class='ocrx_word' id='word_1_347' title='bbox 797 3050 958 3125; x_wconf 88' lang='lat' dir='ltr'>aliquando</span> <span class='ocrx_word' id='word_1_348' title='bbox 970 3070 1035 3125; x_wconf 90' lang='lat' dir='ltr'>pat·</span> <span class='ocrx_word' id='word_1_349' title='bbox 1072 3068 1107 3114; x_wconf 91' lang='lat' dir='ltr'>ut</span> <span class='ocrx_word' id='word_1_350' title='bbox 1127 3049 1257 3114; x_wconf 88' lang='lat' dir='ltr'>babetur</span> <span class='ocrx_word' id='word_1_351' title='bbox 1278 3072 1316 3113; x_wconf 90' lang='lat' dir='ltr'>ex</span> <span class='ocrx_word' id='word_1_352' title='bbox 1338 3050 1375 3111; x_wconf 88' lang='lat' dir='ltr'>D.</span> <span class='ocrx_word' id='word_1_353' title='bbox 1386 3050 1553 3129; x_wconf 79' lang='lat' dir='ltr'>Augullino</span> <span class='ocrx_word' id='word_1_354' title='bbox 1574 3055 1676 3119; x_wconf 91' lang='lat' dir='ltr'>homil.</span> <span class='ocrx_word' id='word_1_355' title='bbox 1690 3055 1843 3199; x_wconf 39' lang='lat' dir='ltr'>toque*</span> 
     </span>
     <span class='ocr_line' id='line_1_33' title="bbox 280 3127 1838 3212; baseline 0.004 -19"><span class='ocrx_word' id='word_1_356' title='bbox 280 3130 442 3193; x_wconf 85' lang='lat' dir='ltr'>ticularis.</span> <span class='ocrx_word' id='word_1_357' title='bbox 466 3129 521 3191; x_wconf 88' lang='lat' dir='ltr'>llla</span> <span class='ocrx_word' id='word_1_358' title='bbox 543 3151 609 3205; x_wconf 85' lang='lat' dir='ltr'>quae</span> <span class='ocrx_word' id='word_1_359' title='bbox 639 3127 682 3192; x_wconf 84' lang='lat' dir='ltr'>cll</span> <span class='ocrx_word' id='word_1_360' title='bbox 704 3153 720 3194; x_wconf 89' lang='lat' dir='ltr'>a</span> <span class='ocrx_word' id='word_1_361' title='bbox 742 3136 834 3208; x_wconf 89' lang='lat' dir='ltr'>iure,</span> <span class='ocrx_word' id='word_1_362' title='bbox 861 3128 903 3194; x_wconf 84' lang='lat' dir='ltr'>eli</span> <span class='ocrx_word' id='word_1_363' title='bbox 933 3148 1036 3206; x_wconf 88' lang='lat' dir='ltr'>perpe·</span> <span class='ocrx_word' id='word_1_364' title='bbox 1072 3150 1105 3193; x_wconf 91' lang='lat' dir='ltr'>re</span> <span class='ocrx_word' id='word_1_365' title='bbox 1126 3134 1214 3193; x_wconf 87' lang='lat' dir='ltr'>iuxta</span> <span class='ocrx_word' id='word_1_366' title='bbox 1237 3151 1376 3195; x_wconf 86' lang='lat' dir='ltr'>veterem</span> <span class='ocrx_word' id='word_1_367' title='bbox 1397 3132 1534 3197; x_wconf 75' lang='lat' dir='ltr'>Ecclesia</span> <span class='ocrx_word' id='word_1_368' title='bbox 1555 3134 1741 3212; x_wconf 81' lang='lat' dir='ltr'>disciplinam</span> <span class='ocrx_word' id='word_1_369' title='bbox 1777 3141 1838 3201; x_wconf 88' lang='lat' dir='ltr'>aei·</span> 
     </span>
     <span class='ocr_line' id='line_1_34' title="bbox 279 3207 1835 3292; baseline 0.008 -22"><span class='ocrx_word' id='word_1_370' title='bbox 279 3223 350 3285; x_wconf 89' lang='lat' dir='ltr'>tua,</span> <span class='ocrx_word' id='word_1_371' title='bbox 366 3208 399 3274; x_wconf 82' lang='lat' dir='ltr'>dt</span> <span class='ocrx_word' id='word_1_372' title='bbox 416 3230 571 3285; x_wconf 90' lang='lat' dir='ltr'>nunquam</span> <span class='ocrx_word' id='word_1_373' title='bbox 587 3210 705 3273; x_wconf 82' lang='lat' dir='ltr'>cessar.-</span> <span class='ocrx_word' id='word_1_374' title='bbox 731 3231 797 3288; x_wconf 83' lang='lat' dir='ltr'>quae</span> <span class='ocrx_word' id='word_1_375' title='bbox 819 3228 923 3275; x_wconf 88' lang='lat' dir='ltr'>autem</span> <span class='ocrx_word' id='word_1_376' title='bbox 944 3207 1037 3273; x_wconf 79' lang='lat' dir='ltr'>eliab</span> <span class='ocrx_word' id='word_1_377' title='bbox 1073 3212 1099 3272; x_wconf 91' lang='lat' dir='ltr'>le</span> <span class='ocrx_word' id='word_1_378' title='bbox 1115 3229 1183 3272; x_wconf 88' lang='lat' dir='ltr'>erat</span> <span class='ocrx_word' id='word_1_379' title='bbox 1200 3209 1372 3288; x_wconf 84' lang='lat' dir='ltr'>dignoscere</span> <span class='ocrx_word' id='word_1_380' title='bbox 1392 3220 1673 3280; x_wconf 84' lang='lat' dir='ltr'>excommunicatos</span> <span class='ocrx_word' id='word_1_381' title='bbox 1694 3213 1703 3292; x_wconf 82' lang='lat'>,</span> <span class='ocrx_word' id='word_1_382' title='bbox 1726 3215 1835 3292; x_wconf 90' lang='lat' dir='ltr'>eosque</span> 
     </span>
     <span class='ocr_line' id='line_1_35' title="bbox 278 3285 1837 3371; baseline 0.005 -21"><span class='ocrx_word' id='word_1_383' title='bbox 278 3285 400 3351; x_wconf 87' lang='lat' dir='ltr'>homine</span> <span class='ocrx_word' id='word_1_384' title='bbox 413 3338 421 3367; x_wconf 94' lang='lat'>,</span> <span class='ocrx_word' id='word_1_385' title='bbox 436 3291 553 3364; x_wconf 86' lang='lat' dir='ltr'>cessat,</span> <span class='ocrx_word' id='word_1_386' title='bbox 576 3306 611 3353; x_wconf 93' lang='lat' dir='ltr'>ut</span> <span class='ocrx_word' id='word_1_387' title='bbox 634 3292 743 3353; x_wconf 87' lang='lat' dir='ltr'>volunt</span> <span class='ocrx_word' id='word_1_388' title='bbox 767 3292 878 3367; x_wconf 89' lang='lat' dir='ltr'>aliqui,</span> <span class='ocrx_word' id='word_1_389' title='bbox 901 3310 954 3364; x_wconf 88' lang='lat' dir='ltr'>per</span> <span class='ocrx_word' id='word_1_390' title='bbox 970 3288 1034 3352; x_wconf 92' lang='lat' dir='ltr'>obi·</span> <span class='ocrx_word' id='word_1_391' title='bbox 1073 3293 1195 3364; x_wconf 89' lang='lat' dir='ltr'>vitare,</span> <span class='ocrx_word' id='word_1_392' title='bbox 1212 3309 1320 3366; x_wconf 90' lang='lat' dir='ltr'>utpote</span> <span class='ocrx_word' id='word_1_393' title='bbox 1337 3293 1387 3365; x_wconf 89' lang='lat' dir='ltr'>qui</span> <span class='ocrx_word' id='word_1_394' title='bbox 1405 3298 1587 3356; x_wconf 88' lang='lat' dir='ltr'>nominatim</span> <span class='ocrx_word' id='word_1_395' title='bbox 1604 3315 1655 3371; x_wconf 89' lang='lat' dir='ltr'>per</span> <span class='ocrx_word' id='word_1_396' title='bbox 1672 3296 1837 3369; x_wconf 85' lang='lat' dir='ltr'>particula·</span> 
     </span>
     <span class='ocr_line' id='line_1_36' title="bbox 280 3365 1835 3448; baseline 0.006 -18"><span class='ocrx_word' id='word_1_397' title='bbox 280 3377 346 3431; x_wconf 83' lang='lat' dir='ltr'>&#39;tum</span> <span class='ocrx_word' id='word_1_398' title='bbox 367 3365 496 3433; x_wconf 85' lang='lat' dir='ltr'>serentis</span> <span class='ocrx_word' id='word_1_399' title='bbox 514 3413 521 3429; x_wconf 90' lang='lat'><strong>.</strong></span> <span class='ocrx_word' id='word_1_400' title='bbox 540 3372 619 3444; x_wconf 79' lang='lat' dir='ltr'>Quae</span> <span class='ocrx_word' id='word_1_401' title='bbox 644 3369 687 3432; x_wconf 85' lang='lat' dir='ltr'>est</span> <span class='ocrx_word' id='word_1_402' title='bbox 716 3392 733 3434; x_wconf 88' lang='lat' dir='ltr'>a</span> <span class='ocrx_word' id='word_1_403' title='bbox 758 3373 852 3448; x_wconf 89' lang='lat' dir='ltr'>inre,</span> <span class='ocrx_word' id='word_1_404' title='bbox 877 3368 897 3430; x_wconf 87' lang='lat' dir='ltr'>li</span> <span class='ocrx_word' id='word_1_405' title='bbox 912 3390 976 3432; x_wconf 88' lang='lat' dir='ltr'>non</span> <span class='ocrx_word' id='word_1_406' title='bbox 993 3366 1035 3431; x_wconf 83' lang='lat' dir='ltr'>est</span> <span class='ocrx_word' id='word_1_407' title='bbox 1073 3389 1135 3432; x_wconf 89' lang='lat' dir='ltr'>rem</span> <span class='ocrx_word' id='word_1_408' title='bbox 1152 3368 1336 3432; x_wconf 84' lang='lat' dir='ltr'>sententiam</span> <span class='ocrx_word' id='word_1_409' title='bbox 1366 3369 1463 3433; x_wconf 88' lang='lat' dir='ltr'>essent</span> <span class='ocrx_word' id='word_1_410' title='bbox 1488 3372 1645 3436; x_wconf 87' lang='lat' dir='ltr'>damnari.</span> <span class='ocrx_word' id='word_1_411' title='bbox 1673 3374 1762 3437; x_wconf 84' lang='lat' dir='ltr'>Tunc</span> <span class='ocrx_word' id='word_1_412' title='bbox 1780 3397 1835 3439; x_wconf 87' lang='lat' dir='ltr'>au·</span> 
     </span>
     <span class='ocr_line' id='line_1_37' title="bbox 279 3447 1837 3526; baseline 0.003 -16"><span class='ocrx_word' id='word_1_413' title='bbox 279 3447 452 3526; x_wconf 86' lang='lat' dir='ltr'>reservata,</span> <span class='ocrx_word' id='word_1_414' title='bbox 474 3450 588 3514; x_wconf 87' lang='lat' dir='ltr'>absolvi</span> <span class='ocrx_word' id='word_1_415' title='bbox 607 3449 702 3526; x_wconf 88' lang='lat' dir='ltr'>potell</span> <span class='ocrx_word' id='word_1_416' title='bbox 721 3470 738 3511; x_wconf 90' lang='lat' dir='ltr'>a</span> <span class='ocrx_word' id='word_1_417' title='bbox 759 3448 1036 3524; x_wconf 85' lang='lat' dir='ltr'>quocumqueCon·</span> <span class='ocrx_word' id='word_1_418' title='bbox 1074 3467 1136 3511; x_wconf 90' lang='lat' dir='ltr'>tem</span> <span class='ocrx_word' id='word_1_419' title='bbox 1156 3450 1278 3524; x_wconf 84' lang='lat' dir='ltr'>quando</span> <span class='ocrx_word' id='word_1_420' title='bbox 1298 3449 1417 3512; x_wconf 77' lang='lat' dir='ltr'>indusla</span> <span class='ocrx_word' id='word_1_421' title='bbox 1437 3448 1480 3511; x_wconf 83' lang='lat' dir='ltr'>eit</span> <span class='ocrx_word' id='word_1_422' title='bbox 1504 3457 1603 3526; x_wconf 90' lang='lat' dir='ltr'>praxis</span> <span class='ocrx_word' id='word_1_423' title='bbox 1627 3458 1837 3518; x_wconf 88' lang='lat' dir='ltr'>excommuni·</span> 
     </span>
     <span class='ocr_line' id='line_1_38' title="bbox 281 3521 1836 3612; baseline 0.006 -23"><span class='ocrx_word' id='word_1_424' title='bbox 281 3521 427 3593; x_wconf 79' lang='lat' dir='ltr'>sellario:</span> <span class='ocrx_word' id='word_1_425' title='bbox 447 3550 482 3594; x_wconf 86' lang='lat' dir='ltr'>ea</span> <span class='ocrx_word' id='word_1_426' title='bbox 505 3549 581 3593; x_wconf 83' lang='lat' dir='ltr'>tero</span> <span class='ocrx_word' id='word_1_427' title='bbox 598 3549 666 3605; x_wconf 76' lang='lat' dir='ltr'>qua</span> <span class='ocrx_word' id='word_1_428' title='bbox 688 3527 731 3591; x_wconf 86' lang='lat' dir='ltr'>ell</span> <span class='ocrx_word' id='word_1_429' title='bbox 756 3528 794 3591; x_wconf 91' lang='lat' dir='ltr'>ab</span> <span class='ocrx_word' id='word_1_430' title='bbox 814 3528 934 3591; x_wconf 89' lang='lat' dir='ltr'>homine</span> <span class='ocrx_word' id='word_1_431' title='bbox 956 3575 964 3604; x_wconf 95' lang='lat'>,</span> <span class='ocrx_word' id='word_1_432' title='bbox 986 3526 1035 3590; x_wconf 91' lang='lat' dir='ltr'>ab·</span> <span class='ocrx_word' id='word_1_433' title='bbox 1072 3530 1205 3591; x_wconf 85' lang='lat' dir='ltr'>cationis</span> <span class='ocrx_word' id='word_1_434' title='bbox 1225 3529 1399 3603; x_wconf 89' lang='lat' dir='ltr'>aiure,vel</span> <span class='ocrx_word' id='word_1_435' title='bbox 1417 3525 1578 3596; x_wconf 87' lang='lat' dir='ltr'>sententiae</span> <span class='ocrx_word' id='word_1_436' title='bbox 1598 3535 1783 3612; x_wconf 70' lang='lat' dir='ltr'>generaliter</span> <span class='ocrx_word' id='word_1_437' title='bbox 1793 3535 1836 3599; x_wconf 92' lang='lat' dir='ltr'>la·</span> 
     </span>
     <span class='ocr_line' id='line_1_39' title="bbox 278 3603 1835 3689; baseline 0.007 -20"><span class='ocrx_word' id='word_1_438' title='bbox 278 3603 351 3672; x_wconf 86' lang='lat' dir='ltr'>solvi</span> <span class='ocrx_word' id='word_1_439' title='bbox 369 3615 476 3687; x_wconf 89' lang='lat' dir='ltr'>nequit</span> <span class='ocrx_word' id='word_1_440' title='bbox 498 3608 551 3672; x_wconf 87' lang='lat' dir='ltr'>nili</span> <span class='ocrx_word' id='word_1_441' title='bbox 570 3610 607 3672; x_wconf 91' lang='lat' dir='ltr'>ab</span> <span class='ocrx_word' id='word_1_442' title='bbox 636 3607 700 3685; x_wconf 91' lang='lat' dir='ltr'>ipso</span> <span class='ocrx_word' id='word_1_443' title='bbox 722 3609 902 3686; x_wconf 74' lang='lat' dir='ltr'>superiore,</span> <span class='ocrx_word' id='word_1_444' title='bbox 925 3608 974 3671; x_wconf 88' lang='lat' dir='ltr'>vel</span> <span class='ocrx_word' id='word_1_445' title='bbox 1001 3608 1037 3670; x_wconf 89' lang='lat' dir='ltr'>ab</span> <span class='ocrx_word' id='word_1_446' title='bbox 1074 3627 1136 3684; x_wconf 83' lang='lat' dir='ltr'>tae,</span> <span class='ocrx_word' id='word_1_447' title='bbox 1158 3625 1221 3670; x_wconf 92' lang='lat' dir='ltr'>non</span> <span class='ocrx_word' id='word_1_448' title='bbox 1245 3610 1290 3669; x_wconf 89' lang='lat' dir='ltr'>ira</span> <span class='ocrx_word' id='word_1_449' title='bbox 1311 3605 1401 3672; x_wconf 88' lang='lat' dir='ltr'>sacile</span> <span class='ocrx_word' id='word_1_450' title='bbox 1428 3608 1556 3685; x_wconf 80' lang='lat' dir='ltr'>dignosci</span> <span class='ocrx_word' id='word_1_451' title='bbox 1582 3617 1685 3685; x_wconf 91' lang='lat' dir='ltr'>potuit</span> <span class='ocrx_word' id='word_1_452' title='bbox 1711 3619 1835 3689; x_wconf 84' lang='lat' dir='ltr'>quinam</span> 
     </span>
     <span class='ocr_line' id='line_1_40' title="bbox 278 3688 1837 3777; baseline 0.004 -26"><span class='ocrx_word' id='word_1_453' title='bbox 278 3688 337 3752; x_wconf 81' lang='lat' dir='ltr'>alio</span> <span class='ocrx_word' id='word_1_454' title='bbox 353 3692 421 3752; x_wconf 87' lang='lat' dir='ltr'>eius</span> <span class='ocrx_word' id='word_1_455' title='bbox 436 3694 585 3754; x_wconf 90' lang='lat' dir='ltr'>nomine.</span> <span class='ocrx_word' id='word_1_456' title='bbox 961 3759 966 3777; x_wconf 32' lang='grc' dir='ltr'>ι</span> <span class='ocrx_word' id='word_1_457' title='bbox 1074 3706 1147 3750; x_wconf 90' lang='lat' dir='ltr'>vere</span> <span class='ocrx_word' id='word_1_458' title='bbox 1164 3689 1259 3751; x_wconf 88' lang='lat' dir='ltr'>essent</span> <span class='ocrx_word' id='word_1_459' title='bbox 1281 3694 1556 3762; x_wconf 70' lang='lat' dir='ltr'>excommunicati.</span> <span class='ocrx_word' id='word_1_460' title='bbox 1579 3692 1668 3760; x_wconf 85' lang='lat' dir='ltr'>Unde</span> <span class='ocrx_word' id='word_1_461' title='bbox 1688 3716 1757 3758; x_wconf 88' lang='lat' dir='ltr'>cum</span> <span class='ocrx_word' id='word_1_462' title='bbox 1773 3717 1837 3761; x_wconf 82' lang='lat' dir='ltr'>ma·</span> 
     </span>
     <span class='ocr_line' id='line_1_41' title="bbox 313 3767 1837 3846; baseline 0.005 -16"><span class='ocrx_word' id='word_1_463' title='bbox 313 3768 475 3834; x_wconf 81' lang='lat' dir='ltr'>Dividitur</span> <span class='ocrx_word' id='word_1_464' title='bbox 499 3789 612 3843; x_wconf 88' lang='lat' dir='ltr'>quarto</span> <span class='ocrx_word' id='word_1_465' title='bbox 634 3769 669 3832; x_wconf 86' lang='lat' dir='ltr'>in</span> <span class='ocrx_word' id='word_1_466' title='bbox 690 3769 1037 3834; x_wconf 83' lang='lat' dir='ltr'>excommunicationem</span> <span class='ocrx_word' id='word_1_467' title='bbox 1072 3786 1129 3846; x_wconf 81' lang='lat' dir='ltr'>gna</span> <span class='ocrx_word' id='word_1_468' title='bbox 1146 3767 1363 3846; x_wconf 80' lang='lat' dir='ltr'>perturbatio.</span> <span class='ocrx_word' id='word_1_469' title='bbox 1391 3767 1423 3832; x_wconf 85' lang='lat' dir='ltr'>dt</span> <span class='ocrx_word' id='word_1_470' title='bbox 1444 3774 1527 3832; x_wconf 86' lang='lat' dir='ltr'>varia</span> <span class='ocrx_word' id='word_1_471' title='bbox 1543 3792 1582 3834; x_wconf 87' lang='lat' dir='ltr'>ex</span> <span class='ocrx_word' id='word_1_472' title='bbox 1604 3774 1709 3838; x_wconf 89' lang='lat' dir='ltr'>hocin</span> <span class='ocrx_word' id='word_1_473' title='bbox 1731 3776 1837 3840; x_wconf 86' lang='lat' dir='ltr'>Eccle·</span> 
     </span>
     <span class='ocr_line' id='line_1_42' title="bbox 276 3846 1836 3926; baseline 0.004 -16"><span class='ocrx_word' id='word_1_474' title='bbox 276 3846 384 3913; x_wconf 78' lang='lat' dir='ltr'>iussam</span> <span class='ocrx_word' id='word_1_475' title='bbox 404 3848 437 3915; x_wconf 86' lang='lat' dir='ltr'>dt</span> <span class='ocrx_word' id='word_1_476' title='bbox 459 3847 618 3926; x_wconf 83' lang='lat' dir='ltr'>iniullam,</span> <span class='ocrx_word' id='word_1_477' title='bbox 642 3855 689 3911; x_wconf 68' lang='lat' dir='ltr'>int</span> <span class='ocrx_word' id='word_1_478' title='bbox 702 3847 891 3913; x_wconf 85' lang='lat' dir='ltr'>reservatam</span> <span class='ocrx_word' id='word_1_479' title='bbox 910 3849 946 3914; x_wconf 81' lang='lat' dir='ltr'>dt</span> <span class='ocrx_word' id='word_1_480' title='bbox 974 3868 1037 3912; x_wconf 88' lang='lat' dir='ltr'>non</span> <span class='ocrx_word' id='word_1_481' title='bbox 1073 3848 1113 3911; x_wconf 87' lang='lat' dir='ltr'>lia</span> <span class='ocrx_word' id='word_1_482' title='bbox 1134 3851 1292 3911; x_wconf 85' lang='lat' dir='ltr'>orirentur</span> <span class='ocrx_word' id='word_1_483' title='bbox 1312 3846 1450 3912; x_wconf 88' lang='lat' dir='ltr'>scandala</span> <span class='ocrx_word' id='word_1_484' title='bbox 1472 3896 1480 3924; x_wconf 93' lang='lat'>,</span> <span class='ocrx_word' id='word_1_485' title='bbox 1506 3849 1578 3915; x_wconf 91' lang='lat' dir='ltr'>dum</span> <span class='ocrx_word' id='word_1_486' title='bbox 1597 3853 1654 3916; x_wconf 86' lang='lat' dir='ltr'>alii</span> <span class='ocrx_word' id='word_1_487' title='bbox 1681 3874 1719 3916; x_wconf 87' lang='lat' dir='ltr'>ex</span> <span class='ocrx_word' id='word_1_488' title='bbox 1748 3857 1836 3918; x_wconf 89' lang='lat' dir='ltr'>mali·</span> 
     </span>
     <span class='ocr_line' id='line_1_43' title="bbox 274 3926 1837 4004; baseline 0.003 -13"><span class='ocrx_word' id='word_1_489' title='bbox 274 3926 490 3994; x_wconf 86' lang='lat' dir='ltr'>reservatam.</span> <span class='ocrx_word' id='word_1_490' title='bbox 522 3929 663 3992; x_wconf 82' lang='lat' dir='ltr'>Tandem</span> <span class='ocrx_word' id='word_1_491' title='bbox 691 3929 839 3992; x_wconf 85' lang='lat' dir='ltr'>dividitur</span> <span class='ocrx_word' id='word_1_492' title='bbox 867 3934 954 3993; x_wconf 86' lang='lat' dir='ltr'>iuxta</span> <span class='ocrx_word' id='word_1_493' title='bbox 983 3929 1036 3992; x_wconf 86' lang='lat' dir='ltr'>ho·</span> <span class='ocrx_word' id='word_1_494' title='bbox 1075 3934 1144 4004; x_wconf 87' lang='lat' dir='ltr'>ria,</span> <span class='ocrx_word' id='word_1_495' title='bbox 1171 3928 1221 3989; x_wconf 92' lang='lat' dir='ltr'>alii</span> <span class='ocrx_word' id='word_1_496' title='bbox 1245 3947 1284 3990; x_wconf 87' lang='lat' dir='ltr'>ex</span> <span class='ocrx_word' id='word_1_497' title='bbox 1309 3933 1400 3991; x_wconf 90' lang='lat' dir='ltr'>animi</span> <span class='ocrx_word' id='word_1_498' title='bbox 1431 3929 1695 3997; x_wconf 86' lang='lat' dir='ltr'>imbecillitate&amp;</span> <span class='ocrx_word' id='word_1_499' title='bbox 1721 3935 1837 3997; x_wconf 88' lang='lat' dir='ltr'>levibus</span> 
     </span>
     <span class='ocr_line' id='line_1_44' title="bbox 274 4005 1874 4095; baseline 0.003 -24"><span class='ocrx_word' id='word_1_500' title='bbox 274 4006 409 4072; x_wconf 88' lang='lat' dir='ltr'>dietnam</span> <span class='ocrx_word' id='word_1_501' title='bbox 427 4006 614 4084; x_wconf 86' lang='lat' dir='ltr'>disciplinam</span> <span class='ocrx_word' id='word_1_502' title='bbox 638 4006 769 4085; x_wconf 68' lang='lat' dir='ltr'>rel‘pestu</span> <span class='ocrx_word' id='word_1_503' title='bbox 787 4006 906 4073; x_wconf 79' lang='lat' dir='ltr'>subiedli</span> <span class='ocrx_word' id='word_1_504' title='bbox 931 4012 962 4072; x_wconf 92' lang='lat' dir='ltr'>in</span> <span class='ocrx_word' id='word_1_505' title='bbox 983 4028 1036 4073; x_wconf 84' lang='lat' dir='ltr'>ex·</span> <span class='ocrx_word' id='word_1_506' title='bbox 1072 4005 1253 4072; x_wconf 74' lang='lat' dir='ltr'>coniesluris</span> <span class='ocrx_word' id='word_1_507' title='bbox 1275 4025 1390 4071; x_wconf 89' lang='lat' dir='ltr'>temere</span> <span class='ocrx_word' id='word_1_508' title='bbox 1410 4016 1735 4075; x_wconf 85' lang='lat' dir='ltr'>excommunicationis</span> <span class='ocrx_word' id='word_1_509' title='bbox 1756 4012 1837 4078; x_wconf 81' lang='lat' dir='ltr'>insa·</span> <span class='ocrx_word' id='word_1_510' title='bbox 1871 4086 1874 4095; x_wconf 90' lang='lat'><em>.</em></span> 
     </span>
     <span class='ocr_line' id='line_1_45' title="bbox 271 4086 1837 4165; baseline 0.004 -14"><span class='ocrx_word' id='word_1_511' title='bbox 271 4090 514 4153; x_wconf 87' lang='lat' dir='ltr'>communicatos</span> <span class='ocrx_word' id='word_1_512' title='bbox 547 4109 608 4153; x_wconf 91' lang='lat' dir='ltr'>non</span> <span class='ocrx_word' id='word_1_513' title='bbox 630 4089 786 4161; x_wconf 62' lang='lat' dir='ltr'>‚toleratos</span> <span class='ocrx_word' id='word_1_514' title='bbox 804 4086 852 4152; x_wconf 91' lang='lat' dir='ltr'>seu</span> <span class='ocrx_word' id='word_1_515' title='bbox 872 4088 1037 4161; x_wconf 88' lang='lat' dir='ltr'>vitandos,</span> <span class='ocrx_word' id='word_1_516' title='bbox 1073 4090 1113 4149; x_wconf 92' lang='lat' dir='ltr'>mi</span> <span class='ocrx_word' id='word_1_517' title='bbox 1135 4105 1210 4149; x_wconf 87' lang='lat' dir='ltr'>nora</span> <span class='ocrx_word' id='word_1_518' title='bbox 1235 4089 1478 4151; x_wconf 87' lang='lat' dir='ltr'>criminabantur</span> <span class='ocrx_word' id='word_1_519' title='bbox 1503 4135 1512 4165; x_wconf 97' lang='lat'>,</span> <span class='ocrx_word' id='word_1_520' title='bbox 1534 4089 1697 4157; x_wconf 80' lang='lat' dir='ltr'>&amp;exinde</span> <span class='ocrx_word' id='word_1_521' title='bbox 1726 4089 1837 4159; x_wconf 90' lang='lat' dir='ltr'>subditi</span> 
     </span>
     <span class='ocr_line' id='line_1_46' title="bbox 273 4165 1861 4242; baseline 0.001 -9"><span class='ocrx_word' id='word_1_522' title='bbox 273 4165 306 4233; x_wconf 75' lang='lat' dir='ltr'>dc</span> <span class='ocrx_word' id='word_1_523' title='bbox 324 4172 356 4229; x_wconf 93' lang='lat' dir='ltr'>in</span> <span class='ocrx_word' id='word_1_524' title='bbox 374 4170 524 4233; x_wconf 86' lang='lat' dir='ltr'>toleratos</span> <span class='ocrx_word' id='word_1_525' title='bbox 546 4170 667 4233; x_wconf 88' lang='lat' dir='ltr'>acideo</span> <span class='ocrx_word' id='word_1_526' title='bbox 687 4190 750 4233; x_wconf 89' lang='lat' dir='ltr'>non</span> <span class='ocrx_word' id='word_1_527' title='bbox 772 4172 929 4233; x_wconf 85' lang='lat' dir='ltr'>vitandos.</span> <span class='ocrx_word' id='word_1_528' title='bbox 953 4169 1038 4231; x_wconf 89' lang='lat' dir='ltr'>Olim</span> <span class='ocrx_word' id='word_1_529' title='bbox 1072 4165 1102 4229; x_wconf 87' lang='lat' dir='ltr'>se</span> <span class='ocrx_word' id='word_1_530' title='bbox 1120 4189 1137 4229; x_wconf 90' lang='lat' dir='ltr'>a</span> <span class='ocrx_word' id='word_1_531' title='bbox 1157 4166 1363 4242; x_wconf 87' lang='lat' dir='ltr'>Superioribus</span> <span class='ocrx_word' id='word_1_532' title='bbox 1384 4185 1539 4242; x_wconf 87' lang='lat' dir='ltr'>tamquam</span> <span class='ocrx_word' id='word_1_533' title='bbox 1568 4169 1607 4235; x_wconf 90' lang='lat' dir='ltr'>de</span> <span class='ocrx_word' id='word_1_534' title='bbox 1630 4177 1861 4237; x_wconf 74' lang='lat' dir='ltr'>excommuni-</span> 
     </span>
     <span class='ocr_line' id='line_1_47' title="bbox 273 4242 1842 4331; baseline 0.004 -20"><span class='ocrx_word' id='word_1_535' title='bbox 273 4265 381 4313; x_wconf 90' lang='lat' dir='ltr'>omnes</span> <span class='ocrx_word' id='word_1_536' title='bbox 397 4253 655 4314; x_wconf 86' lang='lat' dir='ltr'>excommunicati</span> <span class='ocrx_word' id='word_1_537' title='bbox 671 4265 761 4314; x_wconf 88' lang='lat' dir='ltr'>erant</span> <span class='ocrx_word' id='word_1_538' title='bbox 780 4250 919 4312; x_wconf 88' lang='lat' dir='ltr'>vitandi·</span> <span class='ocrx_word' id='word_1_539' title='bbox 942 4249 1037 4312; x_wconf 83' lang='lat' dir='ltr'>seder</span> <span class='ocrx_word' id='word_1_540' title='bbox 1073 4252 1195 4311; x_wconf 86' lang='lat' dir='ltr'>catione</span> <span class='ocrx_word' id='word_1_541' title='bbox 1216 4242 1353 4323; x_wconf 77' lang='lat' dir='ltr'>suspcsiis</span> <span class='ocrx_word' id='word_1_542' title='bbox 1375 4245 1591 4328; x_wconf 77' lang='lat' dir='ltr'>seiungebant,</span> <span class='ocrx_word' id='word_1_543' title='bbox 1608 4251 1771 4331; x_wconf 85' lang='lat' dir='ltr'>litigantes</span> <span class='ocrx_word' id='word_1_544' title='bbox 1784 4275 1842 4317; x_wconf 88' lang='lat' dir='ltr'>ex·-</span> 
     </span>
     <span class='ocr_line' id='line_1_48' title="bbox 271 4297 1836 4410; baseline 0.004 -19"><span class='ocrx_word' id='word_1_545' title='bbox 271 4325 500 4395; x_wconf 88' lang='lat' dir='ltr'>Conslirutione</span> <span class='ocrx_word' id='word_1_546' title='bbox 521 4330 650 4394; x_wconf 87' lang='lat' dir='ltr'>Martini</span> <span class='ocrx_word' id='word_1_547' title='bbox 672 4329 707 4392; x_wconf 92' lang='lat' dir='ltr'>V.</span> <span class='ocrx_word' id='word_1_548' title='bbox 725 4330 776 4392; x_wconf 79' lang='lat' dir='ltr'>Aa</span> <span class='ocrx_word' id='word_1_549' title='bbox 793 4297 936 4393; x_wconf 75' lang='lat' dir='ltr'>evitanda</span> <span class='ocrx_word' id='word_1_550' title='bbox 951 4329 1036 4409; x_wconf 78' lang='lat' dir='ltr'>[can-</span> <span class='ocrx_word' id='word_1_551' title='bbox 1073 4330 1249 4404; x_wconf 84' lang='lat' dir='ltr'>ceptionem</span> <span class='ocrx_word' id='word_1_552' title='bbox 1268 4346 1378 4390; x_wconf 88' lang='lat' dir='ltr'>eontra</span> <span class='ocrx_word' id='word_1_553' title='bbox 1397 4325 1526 4390; x_wconf 89' lang='lat' dir='ltr'>iudicem</span> <span class='ocrx_word' id='word_1_554' title='bbox 1548 4333 1766 4410; x_wconf 89' lang='lat' dir='ltr'>apponebant,·</span> <span class='ocrx_word' id='word_1_555' title='bbox 1788 4334 1836 4397; x_wconf 83' lang='lat' dir='ltr'>his</span> 
     </span>
     <span class='ocr_line' id='line_1_49' title="bbox 271 4406 1836 4488; baseline 0.004 -17"><span class='ocrx_word' id='word_1_556' title='bbox 271 4406 345 4471; x_wconf 82' lang='lat' dir='ltr'>dela</span> <span class='ocrx_word' id='word_1_557' title='bbox 363 4432 381 4473; x_wconf 89' lang='lat' dir='ltr'>a</span> <span class='ocrx_word' id='word_1_558' title='bbox 401 4410 541 4476; x_wconf 87' lang='lat' dir='ltr'>Concilio</span> <span class='ocrx_word' id='word_1_559' title='bbox 556 4408 803 4488; x_wconf 84' lang='lat' dir='ltr'>Constanriensr,</span> <span class='ocrx_word' id='word_1_560' title='bbox 824 4411 899 4475; x_wconf 90' lang='lat' dir='ltr'>telle</span> <span class='ocrx_word' id='word_1_561' title='bbox 920 4410 948 4472; x_wconf 86' lang='lat' dir='ltr'>S.</span> <span class='ocrx_word' id='word_1_562' title='bbox 969 4412 1034 4474; x_wconf 83' lang='lat' dir='ltr'>An·</span> <span class='ocrx_word' id='word_1_563' title='bbox 1076 4406 1353 4484; x_wconf 81' lang='lat' dir='ltr'>perturbationibus</span> <span class='ocrx_word' id='word_1_564' title='bbox 1379 4406 1538 4482; x_wconf 80' lang='lat' dir='ltr'>providere</span> <span class='ocrx_word' id='word_1_565' title='bbox 1567 4410 1682 4476; x_wconf 88' lang='lat' dir='ltr'>lluduit</span> <span class='ocrx_word' id='word_1_566' title='bbox 1703 4413 1836 4478; x_wconf 85' lang='lat' dir='ltr'>Ecclelia</span> 
     </span>
     <span class='ocr_line' id='line_1_50' title="bbox 272 4486 1834 4569; baseline 0.001 -18"><span class='ocrx_word' id='word_1_567' title='bbox 272 4493 402 4566; x_wconf 89' lang='lat' dir='ltr'>tonino,</span> <span class='ocrx_word' id='word_1_568' title='bbox 431 4492 613 4569; x_wconf 83' lang='lat' dir='ltr'>approbata,</span> <span class='ocrx_word' id='word_1_569' title='bbox 632 4493 771 4568; x_wconf 83' lang='lat' dir='ltr'>quamvis</span> <span class='ocrx_word' id='word_1_570' title='bbox 795 4492 913 4568; x_wconf 79' lang='lat' dir='ltr'>legatur</span> <span class='ocrx_word' id='word_1_571' title='bbox 941 4486 1039 4554; x_wconf 90' lang='lat' dir='ltr'>solum</span> <span class='ocrx_word' id='word_1_572' title='bbox 1076 4509 1128 4563; x_wconf 91' lang='lat' dir='ltr'>per</span> <span class='ocrx_word' id='word_1_573' title='bbox 1157 4486 1312 4550; x_wconf 84' lang='lat' dir='ltr'>laudatam</span> <span class='ocrx_word' id='word_1_574' title='bbox 1337 4486 1616 4569; x_wconf 82' lang='lat' dir='ltr'>Constitutionem,</span> <span class='ocrx_word' id='word_1_575' title='bbox 1636 4495 1697 4559; x_wconf 74' lang='lat' dir='ltr'>Ad</span> <span class='ocrx_word' id='word_1_576' title='bbox 1716 4494 1834 4559; x_wconf 71' lang='lat' dir='ltr'>eviran-</span> 
     </span>
     <span class='ocr_line' id='line_1_51' title="bbox 272 4564 1932 4647; baseline 0.003 -18"><span class='ocrx_word' id='word_1_577' title='bbox 272 4570 307 4632; x_wconf 91' lang='lat' dir='ltr'>in</span> <span class='ocrx_word' id='word_1_578' title='bbox 330 4571 471 4637; x_wconf 86' lang='lat' dir='ltr'>Concilio</span> <span class='ocrx_word' id='word_1_579' title='bbox 491 4570 642 4636; x_wconf 83' lang='lat' dir='ltr'>Basiliensr</span> <span class='ocrx_word' id='word_1_580' title='bbox 675 4568 735 4634; x_wconf 82' lang='lat' dir='ltr'>leli.</span> <span class='ocrx_word' id='word_1_581' title='bbox 763 4589 811 4632; x_wconf 86' lang='lat'>20.</span> <span class='ocrx_word' id='word_1_582' title='bbox 838 4572 948 4636; x_wconf 81' lang='lat' dir='ltr'>&amp;iem</span> <span class='ocrx_word' id='word_1_583' title='bbox 979 4573 1038 4647; x_wconf 89' lang='lat' dir='ltr'>pri·</span> <span class='ocrx_word' id='word_1_584' title='bbox 1074 4570 1114 4632; x_wconf 83' lang='lat' dir='ltr'>da</span> <span class='ocrx_word' id='word_1_585' title='bbox 1134 4564 1303 4646; x_wconf 67' lang='lat' dir='ltr'>formala,</span> <span class='ocrx_word' id='word_1_586' title='bbox 1332 4572 1363 4632; x_wconf 89' lang='lat' dir='ltr'>in</span> <span class='ocrx_word' id='word_1_587' title='bbox 1385 4589 1442 4642; x_wconf 85' lang='lat' dir='ltr'>qua</span> <span class='ocrx_word' id='word_1_588' title='bbox 1471 4575 1588 4645; x_wconf 89' lang='lat' dir='ltr'>praxim</span> <span class='ocrx_word' id='word_1_589' title='bbox 1620 4579 1753 4637; x_wconf 88' lang='lat' dir='ltr'>retinuit</span> <span class='ocrx_word' id='word_1_590' title='bbox 1786 4591 1839 4634; x_wconf 62' lang='lat' dir='ltr'>ex*</span> <span class='ocrx_word' id='word_1_591' title='bbox 1930 4619 1932 4622; x_wconf 27' lang='grc' dir='ltr'>ψ</span> 
     </span>
     <span class='ocr_line' id='line_1_52' title="bbox 270 4648 1840 4731; baseline 0 -17"><span class='ocrx_word' id='word_1_592' title='bbox 270 4650 340 4714; x_wconf 86' lang='lat' dir='ltr'>dem</span> <span class='ocrx_word' id='word_1_593' title='bbox 356 4651 541 4731; x_wconf 89' lang='lat' dir='ltr'>observata,</span> <span class='ocrx_word' id='word_1_594' title='bbox 560 4672 599 4716; x_wconf 90' lang='lat' dir='ltr'>ex</span> <span class='ocrx_word' id='word_1_595' title='bbox 621 4650 761 4728; x_wconf 76' lang='lat' dir='ltr'>presenti</span> <span class='ocrx_word' id='word_1_596' title='bbox 785 4651 837 4715; x_wconf 90' lang='lat' dir='ltr'>ulu</span> <span class='ocrx_word' id='word_1_597' title='bbox 860 4648 1001 4714; x_wconf 79' lang='lat' dir='ltr'>Ecclesia:</span> <span class='ocrx_word' id='word_1_598' title='bbox 1019 4653 1038 4711; x_wconf 92' lang='lat' dir='ltr'>ii</span> <span class='ocrx_word' id='word_1_599' title='bbox 1074 4653 1361 4713; x_wconf 87' lang='lat' dir='ltr'>communicationis</span> <span class='ocrx_word' id='word_1_600' title='bbox 1378 4648 1840 4729; x_wconf 71' lang='lat' dir='ltr'>aiure&amp;sentenriaegenerali·</span> 
     </span>
     <span class='ocr_line' id='line_1_53' title="bbox 271 4727 1923 4808; baseline -0.005 -10"><span class='ocrx_word' id='word_1_601' title='bbox 271 4727 371 4798; x_wconf 85' lang='lat' dir='ltr'>solum</span> <span class='ocrx_word' id='word_1_602' title='bbox 392 4732 461 4799; x_wconf 89' lang='lat' dir='ltr'>sunt</span> <span class='ocrx_word' id='word_1_603' title='bbox 480 4734 619 4807; x_wconf 90' lang='lat' dir='ltr'>vitandi,</span> <span class='ocrx_word' id='word_1_604' title='bbox 640 4733 691 4807; x_wconf 89' lang='lat' dir='ltr'>qui</span> <span class='ocrx_word' id='word_1_605' title='bbox 714 4751 765 4807; x_wconf 87' lang='lat' dir='ltr'>per</span> <span class='ocrx_word' id='word_1_606' title='bbox 786 4734 968 4795; x_wconf 88' lang='lat' dir='ltr'>sententiam</span> <span class='ocrx_word' id='word_1_607' title='bbox 988 4731 1039 4793; x_wconf 90' lang='lat' dir='ltr'>ln·</span> <span class='ocrx_word' id='word_1_608' title='bbox 1076 4748 1124 4793; x_wconf 85' lang='lat' dir='ltr'>ter</span> <span class='ocrx_word' id='word_1_609' title='bbox 1142 4728 1235 4806; x_wconf 84' lang='lat' dir='ltr'>larae,</span> <span class='ocrx_word' id='word_1_610' title='bbox 1252 4729 1551 4808; x_wconf 88' lang='lat' dir='ltr'>llatuendoramen,</span> <span class='ocrx_word' id='word_1_611' title='bbox 1571 4733 1840 4800; x_wconf 86' lang='lat' dir='ltr'>nullumdeinceps</span> <span class='ocrx_word' id='word_1_612' title='bbox 1906 4781 1923 4794; x_wconf 29' lang='grc' dir='ltr'>,Ι</span> 
     </span>
     <span class='ocr_line' id='line_1_54' title="bbox 268 4809 1842 4887; baseline -0.003 -10"><span class='ocrx_word' id='word_1_613' title='bbox 268 4811 348 4879; x_wconf 83' lang='lat' dir='ltr'>&#39;dicis</span> <span class='ocrx_word' id='word_1_614' title='bbox 371 4818 558 4880; x_wconf 85' lang='lat' dir='ltr'>nominatim</span> <span class='ocrx_word' id='word_1_615' title='bbox 582 4811 729 4876; x_wconf 82' lang='lat' dir='ltr'>declarari</span> <span class='ocrx_word' id='word_1_616' title='bbox 747 4813 816 4875; x_wconf 90' lang='lat' dir='ltr'>sunt</span> <span class='ocrx_word' id='word_1_617' title='bbox 832 4815 1039 4875; x_wconf 85' lang='lat' dir='ltr'>excommuni-</span> <span class='ocrx_word' id='word_1_618' title='bbox 1074 4814 1376 4875; x_wconf 87' lang='lat' dir='ltr'>excommunicatum</span> <span class='ocrx_word' id='word_1_619' title='bbox 1387 4810 1566 4887; x_wconf 84' lang='lat' dir='ltr'>vitandum,</span> <span class='ocrx_word' id='word_1_620' title='bbox 1589 4809 1642 4873; x_wconf 81' lang='lat' dir='ltr'>nisi</span> <span class='ocrx_word' id='word_1_621' title='bbox 1656 4809 1842 4879; x_wconf 81' lang='lat' dir='ltr'>nominatim</span> 
     </span>
     <span class='ocr_line' id='line_1_55' title="bbox 266 4885 1841 4976; baseline -0.005 -17"><span class='ocrx_word' id='word_1_622' title='bbox 266 4900 353 4975; x_wconf 81' lang='lat' dir='ltr'>tati,</span> <span class='ocrx_word' id='word_1_623' title='bbox 375 4894 409 4961; x_wconf 70' lang='grc' dir='ltr'>ἀ</span> <span class='ocrx_word' id='word_1_624' title='bbox 431 4893 554 4971; x_wconf 87' lang='lat' dir='ltr'>insuper</span> <span class='ocrx_word' id='word_1_625' title='bbox 575 4890 637 4968; x_wconf 81' lang='lat' dir='ltr'>post</span> <span class='ocrx_word' id='word_1_626' title='bbox 659 4891 893 4955; x_wconf 87' lang='lat' dir='ltr'>declarationem</span> <span class='ocrx_word' id='word_1_627' title='bbox 923 4891 1039 4967; x_wconf 89' lang='lat' dir='ltr'>publice</span> <span class='ocrx_word' id='word_1_628' title='bbox 1076 4910 1126 4976; x_wconf 86' lang='lat' dir='ltr'>per</span> <span class='ocrx_word' id='word_1_629' title='bbox 1144 4891 1359 4965; x_wconf 86' lang='lat' dir='ltr'>particularem</span> <span class='ocrx_word' id='word_1_630' title='bbox 1377 4890 1562 4954; x_wconf 89' lang='lat' dir='ltr'>sententiam</span> <span class='ocrx_word' id='word_1_631' title='bbox 1577 4891 1749 4954; x_wconf 85' lang='lat' dir='ltr'>declaratus</span> <span class='ocrx_word' id='word_1_632' title='bbox 1766 4885 1841 4952; x_wconf 90' lang='lat' dir='ltr'>suil-</span> 
     </span>
     <span class='ocr_line' id='line_1_56' title="bbox 269 4968 1839 5049; baseline -0.003 -12"><span class='ocrx_word' id='word_1_633' title='bbox 269 4970 341 5041; x_wconf 91' lang='lat' dir='ltr'>suot</span> <span class='ocrx_word' id='word_1_634' title='bbox 358 4976 557 5041; x_wconf 87' lang='lat' dir='ltr'>denunciari.</span> <span class='ocrx_word' id='word_1_635' title='bbox 581 4970 702 5049; x_wconf 90' lang='lat' dir='ltr'>lnsuper</span> <span class='ocrx_word' id='word_1_636' title='bbox 719 4973 832 5034; x_wconf 89' lang='lat' dir='ltr'>notorii</span> <span class='ocrx_word' id='word_1_637' title='bbox 850 4970 1038 5035; x_wconf 79' lang='lat' dir='ltr'>clericorum</span> <span class='ocrx_word' id='word_1_638' title='bbox 1076 4977 1116 5032; x_wconf 88' lang='lat' dir='ltr'>let</span> <span class='ocrx_word' id='word_1_639' title='bbox 1143 4991 1177 5033; x_wconf 88' lang='lat' dir='ltr'>ac</span> <span class='ocrx_word' id='word_1_640' title='bbox 1195 4970 1415 5045; x_wconf 84' lang='lat' dir='ltr'>denunciatus,</span> <span class='ocrx_word' id='word_1_641' title='bbox 1439 4970 1489 5031; x_wconf 89' lang='lat' dir='ltr'>vel</span> <span class='ocrx_word' id='word_1_642' title='bbox 1515 4989 1581 5032; x_wconf 86' lang='lat' dir='ltr'>reus</span> <span class='ocrx_word' id='word_1_643' title='bbox 1598 4968 1673 5032; x_wconf 81' lang='lat' dir='ltr'>esset</span> <span class='ocrx_word' id='word_1_644' title='bbox 1699 4971 1839 5033; x_wconf 91' lang='lat' dir='ltr'>notorius</span> 
     </span>
     <span class='ocr_line' id='line_1_57' title="bbox 272 5045 1837 5135; baseline -0.004 -15"><span class='ocrx_word' id='word_1_645' title='bbox 272 5060 482 5135; x_wconf 82' lang='lat' dir='ltr'>percussores,</span> <span class='ocrx_word' id='word_1_646' title='bbox 503 5060 522 5117; x_wconf 92' lang='lat' dir='ltr'>ii</span> <span class='ocrx_word' id='word_1_647' title='bbox 544 5072 672 5129; x_wconf 85' lang='lat' dir='ltr'>nempe,</span> <span class='ocrx_word' id='word_1_648' title='bbox 693 5071 820 5127; x_wconf 89' lang='lat' dir='ltr'>quorum</span> <span class='ocrx_word' id='word_1_649' title='bbox 837 5052 955 5128; x_wconf 86' lang='lat' dir='ltr'>publica</span> <span class='ocrx_word' id='word_1_650' title='bbox 974 5073 1038 5130; x_wconf 84' lang='lat' dir='ltr'>per·</span> <span class='ocrx_word' id='word_1_651' title='bbox 1078 5049 1203 5127; x_wconf 83' lang='lat' dir='ltr'>publicae</span> <span class='ocrx_word' id='word_1_652' title='bbox 1233 5050 1343 5115; x_wconf 86' lang='lat' dir='ltr'>Clerici</span> <span class='ocrx_word' id='word_1_653' title='bbox 1371 5047 1563 5124; x_wconf 86' lang='lat' dir='ltr'>percussionis</span> <span class='ocrx_word' id='word_1_654' title='bbox 1583 5069 1593 5125; x_wconf 89' lang='lat'>;</span> <span class='ocrx_word' id='word_1_655' title='bbox 1614 5045 1710 5127; x_wconf 81' lang='lat' dir='ltr'>sicque</span> <span class='ocrx_word' id='word_1_656' title='bbox 1739 5070 1778 5114; x_wconf 84' lang='lat' dir='ltr'>ex</span> <span class='ocrx_word' id='word_1_657' title='bbox 1801 5069 1837 5113; x_wconf 88' lang='lat' dir='ltr'>ea</span> 
     </span>
     <span class='ocr_line' id='line_1_58' title="bbox 269 5128 1785 5277; baseline -0.009 -72"><span class='ocrx_word' id='word_1_658' title='bbox 269 5137 363 5207; x_wconf 79' lang='lat' dir='ltr'>roffio</span> <span class='ocrx_word' id='word_1_659' title='bbox 390 5138 480 5205; x_wconf 81' lang='lat' dir='ltr'>nulla</span> <span class='ocrx_word' id='word_1_660' title='bbox 503 5131 600 5215; x_wconf 82' lang='lat' dir='ltr'>poteli</span> <span class='ocrx_word' id='word_1_661' title='bbox 626 5128 885 5216; x_wconf 67' lang='lat' dir='ltr'>tertineriatione</span> <span class='ocrx_word' id='word_1_662' title='bbox 916 5132 1041 5210; x_wconf 81' lang='lat' dir='ltr'>celari,</span> <span class='ocrx_word' id='word_1_663' title='bbox 1077 5150 1164 5208; x_wconf 84' lang='lat' dir='ltr'>parre</span> <span class='ocrx_word' id='word_1_664' title='bbox 1180 5147 1321 5198; x_wconf 83' lang='lat' dir='ltr'>tererem</span> <span class='ocrx_word' id='word_1_665' title='bbox 1335 5148 1453 5195; x_wconf 85' lang='lat' dir='ltr'>morem</span> <span class='ocrx_word' id='word_1_666' title='bbox 1471 5129 1624 5194; x_wconf 82' lang='lat' dir='ltr'>restituit.</span> <span class='ocrx_word' id='word_1_667' title='bbox 1665 5136 1667 5139; x_wconf 82' lang='grc'><strong>’</strong></span> <span class='ocrx_word' id='word_1_668' title='bbox 1704 5216 1722 5277; x_wconf 52' lang='grc' dir='ltr'><strong>ς</strong></span> <span class='ocrx_word' id='word_1_669' title='bbox 1755 5208 1785 5271; x_wconf 68' lang='lat' dir='ltr'>u</span> 
     </span>
    </p>
   </div>
   <div class='ocr_carea' id='block_1_3' title="bbox 0 0 2296 5992">
    <p class='ocr_par' dir='ltr' id='par_1_3' title="bbox 0 0 2296 5992">
     <span class='ocr_line' id='line_1_59' title="bbox 0 0 2296 5992; baseline 0 0"><span class='ocrx_word' id='word_1_670' title='bbox 0 0 2296 5992; x_wconf 95' lang='lat' dir='ltr'> </span> 
     </span>
    </p>
   </div>
  </div>
 </body>
</html>
