4584 5992
465 537 516 613 86
851 538 1595 613 i'iicriras·

406 657 498 712 nere,
517 629 907 723 quicaussasueiuntcur
931 635 1028 698 latum
1053 632 1090 697 sir
1121 633 1168 696 in·
1202 631 1245 698 est
1274 638 1320 701 ita
1356 640 1615 716 notoria,.quod
1644 638 1753 705 causle
1783 642 1964 722 cognitione

408 716 586 794 terdiflum,
606 714 750 792 quoniam
771 712 801 776 lii
821 714 892 778 lunt
915 733 1111 801 contumaces
1131 733 1166 777 e·
1203 734 1265 780 non
1286 715 1439 795 indigeat,
1456 738 1495 780 ert
1513 739 1573 795 cap
1603 719 1770 784 Evidentia
1793 725 1831 785 dc
1850 721 1964 803 accusa·

409 798 569 861 mendandi
591 796 624 860 dt
649 790 822 873 frangendi.
846 795 877 857 Si
898 796 1023 858 censura
1042 792 1166 858 serenda
1200 791 1344 858 tionibus.
1359 797 1686 863 Denunciatiotamen
1703 799 1965 879 cenl‘tiimquan·

406 877 446 941 lit
462 895 571 940 contra
596 876 811 950 particularem
839 869 1016 951 personam,
1034 876 1167 939 nouitio
1202 877 1241 936 do
1255 878 1318 938 iarn
1336 875 1386 939 die
1402 896 1463 941 noir
1480 876 1594 941 feriato
1611 880 1759 955 preceffit
1775 883 1888 946 caullie
1913 903 1964 948 co·

406 956 498 1022 ddiet
514 961 542 1020 ei
561 955 625 1019 steri
644 958 674 1016 in
696 964 818 1031 propria
839 953 985 1033 persona,
1004 974 1042 1017 ne
1063 952 1083 1016 si
1106 952 1167 1019 sor·
1201 955 1323 1034 piritio,
1348 952 1525 1032 frequenter
1551 957 1617 1020 sieri
1644 958 1720 1024 solet
1740 960 1841 1023 diebus
1870 958 1964 1027 seria·

406 1056 441 1102 re
461 1036 498 1101 ad
521 1039 585 1101 eius
602 1037 748 1099 notitiam
764 1054 827 1097 non
848 1035 968 1098 venerit
981 1082 990 1111 ,
1005 1037 1166 1113 contingat
1203 1035 1262 1096 titi
1284 1056 1356 1099 curri
1375 1035 1479 1100 diebus
1501 1056 1562 1101 non
1578 1036 1697 1102 seriatis
1714 1043 1745 1102 in
1767 1042 1965 1115 prorumpo.-

408 1114 479 1182 serri
494 1117 650 1182 censuram
670 1113 778 1191 absque
792 1116 1009 1178 contumacia.
1030 1114 1123 1192 Quod
1144 1112 1166 1176 sr
1203 1116 1306 1177 titiam
1321 1115 1469 1180 devenire
1488 1134 1638 1193 nequeat.
1663 1120 1715 1184 lta
1735 1118 1870 1201 Sayrur,
1888 1122 1973 1187 Con

408 1199 482 1263 talia
505 1194 644 1274 persona,
657 1198 708 1258 cui
726 1211 852 1268 paratur
866 1191 1015 1271 censura,
1033 1196 1168 1273 incogni-
1203 1196 1289 1257 neius
1308 1199 1361 1260 cit.
1378 1196 1426 1258 liic
1443 1217 1461 1261 a
1480 1196 1638 1262 Salmatic.

409 1295 443 1342 ta
463 1276 521 1355 sit,
542 1296 639 1352 tunc,
663 1290 698 1337 ut
724 1275 762 1337 lit
791 1277 823 1336 in
846 1273 943 1338 literis
965 1274 1167 1339 monitoriali·

407 1358 483 1436 bur,
503 1352 909 1500 satiatrificsrliensouiltiofitt
931 1356 962 1497 {ri
985 1353 1168 1497 ¹⁰{i·⁹¹”bi·i'
1519 1363 1549 1425 §-
1598 1355 1638 1420 X.

406 1457 446 1503 co
505 1455 612 1502 utam
677 1456 693 1499 c
736 1455 766 1496 ra
806 1453 1012 1511 arociat‚v
1061 1454 1168 1497 intio
1363 1468 1382 1481 ··
1738 1473 1744 1486 ·

405 1459 588 1583 uisciinmi
607 1516 694 1590 loco,
713 1514 791 1579 unde
809 1514 845 1575 ad
865 1514 1067 1590 delinquentia
1088 1516 1167 1576 noti·
1296 1475 1341 1533 θ’
1356 1490 1396 1533 ¹¹³
1416 1489 1483 1549 m
1495 1473 1655 1554 cmsmm
1670 1489 1846 1543 ‘mum'
1855 1524 1866 1542 ·

408 1602 486 1663 tiam
503 1599 662 1675 pervenire
678 1593 781 1670 possit.
799 1594 829 1655 Si
850 1612 955 1660 autem
970 1598 1092 1672 cognita
1108 1591 1168 1671 sit,
1239 1585 1293 1677 ¹Ne
1309 1588 1380 1681 quid
1401 1608 1505 1653 autem
1522 1590 1570 1656 liic
1586 1592 1711 1658 deficiat
1731 1594 1769 1657 ad
1790 1595 1964 1680 uberiorem
1985 1628 2016 1676 ι.

409 1678 459 1743 sed
477 1681 508 1742 vi
530 1694 586 1741 aut
607 1673 712 1743 fraude
729 1673 877 1751 impedire
892 1673 1052 1744 contendit
1068 1676 1167 1737 moni·
1203 1684 1246 1728 rei
1276 1685 1421 1732 notitiem
1439 1667 1474 1734 di
1494 1671 1733 1739 circulationem
1751 1722 1762 1755 ,
1779 1695 1881 1751 oper·
1896 1696 1963 1752 pte·
1980 1706 2016 1740 iii

408 1761 526 1825 tionem
548 1754 615 1822 fieri
635 1760 667 1818 in
691 1757 813 1849 propria
834 1751 957 1831 persona
985 1750 1015 1816 se
1044 1751 1167 1819 aliscoti·
1203 1748 1279 1809 tium
1298 1750 1409 1812 ⁶⁶⁰st
1438 1755 1624 1840 wtmittete
1642 1803 1661 1840 ,·
1679 1754 1740 1819 duo
1767 1759 1828 1820 esse
1855 1755 1964 1833 suppo·
1979 1771 2012 1819 φ

408 1838 526 1913 dendo,
542 1835 615 1901 satir
636 1853 750 1912 pariter
768 1832 867 1901 eritsi
886 1837 1018 1899 monitio
1045 1832 1102 1899 fiat
1129 1833 1168 1899 ad
1202 1827 1322 1919 uendi,
1344 1848 1372 1888 1·
1392 1829 1473 1904 quod
1495 1850 1547 1908 per
1568 1833 1597 1896 se
1616 1882 1625 1909 ,
1645 1836 1697 1897 seu
1716 1856 1755 1900 ea
1780 1854 1891 1901 natura
1917 1838 1965 1901 rei
1981 1833 2016 1868 ¹¹²³

407 1919 533 1983 domm
544 1962 553 1995 ‚
570 1918 634 1996 vel,
655 1914 676 1978 fi
697 1915 892 1978 domummn
909 1915 1038 1993 habeat,
1062 1914 1119 1978 fin
1135 1918 1168 1979 ff„
1203 1906 1443 2000 independenter
1460 1930 1477 1973 a
1500 1915 1608 1986 quotis
1630 1916 1697 1978 itare
1714 1913 1847 1996 positivo
1864 1912 1966 1981 forma

409 1995 563 2075 Ecclesia,
583 2016 637 2061 aut
657 1998 690 2057 in
707 1994 775 2058 loco
791 1994 929 2073 parisien,
953 1994 988 2060 ἀ
1005 2012 1080 2059 runc
1099 2016 1168 2059 reus
1203 1987 1304 2081 aliqua
1320 2006 1494 2061 requiratur
1509 1990 1542 2054 iti
1558 1989 1695 2060 serendis·
1706 1995 1856 2072 censuris,
1877 1997 1965 2061 vide·

407 2078 550 2144 censetur
572 2075 759 2142 sufficienter
782 2093 949 2139 contumax
978 2096 1043 2151 cap.
1069 2075 1169 2140 finali
1202 2068 1276 2134 licet
1297 2065 1412 2144 sianum
1432 2069 1550 2163 aliquod
1569 2090 1733 2142 externum
1756 2096 1790 2140 ac
1806 2072 1965 2154 sensibile,

408 2159 445 2222 de
461 2157 525 2222 doio
544 2153 585 2224 θ
599 2154 797 2220 contumacia.
818 2155 933 2221 Avila.
954 2157 1051 2220 Dolus
1063 2175 1168 2222 tamen
1204 2166 1257 2222 Ρθῐ
1272 2149 1354 2223 (10οἅ
1374 2148 1517 2225 3⁰erOE
1545 2154 1743 2219 V0sl¹0trtem
1767 2156 1852 2221 suam
1871 2157 1968 2222 deno·

408 2238 547 2302 constare
563 2236 652 2300 debet
674 2256 714 2299 eir
735 2232 857 2305 testibua
874 2236 1168 2311 turparemibuim·
1204 2244 1251 2292 tet
1274 2276 1283 2303 ‚
1307 2224 1340 2290 dt
1365 2228 1403 2291 ad
1428 2233 1526 2295 minut
1550 2238 1702 2311 exprimat
1722 2236 1830 2316 velle,
1853 2253 1889 2300 itt
1912 2238 1966 2313 qui

407 2318 514 2393 diciis;
536 2336 608 2380 narn
628 2315 716 2381 dolui
735 2336 797 2383 non
813 2316 1009 2391 presumitur
1030 2318 1085 2379 nili
1102 2337 1170 2391 pro·
1203 2328 1273 2372 eam
1288 2318 1397 2401 exequi
1415 2328 1549 2390 renuat,
1570 2316 1619 2377 vel
1637 2315 1675 2377 de
1692 2312 1772 2378 facio
1791 2316 1906 2380 incidat
1933 2321 1966 2378 iri

406 2397 498 2462 betur
520 2396 557 2461 1„
573 2395 673 2463 dolum
683 2394 721 2478 ff.
745 2396 781 2462 de
799 2398 881 2462 dolo.
901 2398 1036 2472 Quando
1061 2415 1169 2461 autem
1206 2407 1310 2473 9⁰³⁰&
1332 2409 1427 2477 wita,
1446 2392 1495 2455 vel
1518 2391 1604 2466 possit
1626 2391 1730 2459 iisdem
1742 2394 1861 2461 subiici.
1880 2397 1967 2460 Nam

404 2494 478 2541 reiis
508 2475 598 2542 semel
629 2479 743 2542 citatim
762 2475 805 2541 esi
824 2478 858 2542 dt
884 2479 1021 2543 monitui
1049 2477 1080 2540 in
1098 2499 1168 2554 pro·
1204 2470 1352 2545 &nimi
1373 2472 1394 2530 ¹¹
1409 2490 1468 2557 qua
1484 2470 1559 2540 esset
1579 2494 1662 2539 mere
1682 2477 1830 2553 interior,
1849 2479 1966 2540 nemini

407 2558 474 2632 pria
498 2554 649 2635 persona,
670 2558 785 2632 reliqua
808 2554 874 2619 fieri
904 2557 1026 2634 possunt
1056 2557 1091 2622 ad
1118 2560 1169 2623 do
1206 2549 1300 2623 miset
1316 2547 1468 2641 limieflei
1487 2551 1737 2633 noneiproststoi
1751 2575 1966 2633 ‘⁰⁰⁸¹ssle

406 2656 515 2711 mum,
535 2640 566 2700 in
588 2635 717 2702 Foelesra
734 2684 742 2711 ‚
757 2637 808 2701 vel
826 2637 1007 2716 remuniri,
1030 2660 1066 2708 ut
1094 2659 1169 2704 coir·
1205 2627 1318 2699 fertur.
1335 2648 1387 2703 qur
1402 2652 1471 2693 com
1485 2653 1555 2697 eam
1572 2638 1746 2714 igitoraret,
1766 2655 1828 2699 non
1845 2651 1966 2699 tenere·

409 2714 468 2780 slat
486 2736 526 2780 err
548 2715 699 2781 decisione
715 2717 807 2784 Rota
825 2714 902 2781 teste
918 2717 1088 2788 Bonmm,
1206 2728 1256 2773 tur
1274 2709 1303 2771 se
1324 2713 1485 2774 continere
1507 2712 1544 2778 ab
1567 2718 1604 2776 iia
1625 2714 1810 2791 aflinnibue,
1830 2716 1867 2779 ad
1887 2735 1964 2792 quat

450 2796 549 2862 Trina
569 2800 701 2861 nouitio
720 2796 765 2861 est
786 2798 907 2873 quidem
929 2804 1092 2870 necessaria
1116 2817 1170 2861 na·
1205 2788 1404 2881 removendas
1424 2788 1525 2856 fertur
1538 2789 1685 2869 censuim·
1707 2816 1770 2858 non
1786 2795 1965 2873 aliis,qiiia

406 2874 548 2940 cessitate
568 2881 713 2953 praecepti
734 2876 795 2955 ‚dt
822 2884 992 2946 communia
1019 2881 1061 2946 est
1089 2878 1169 2955 ,pud
1205 2867 1373 2933 nescienter
1389 2872 1568 2964 censuram,
1589 2895 1648 2951 qua
1671 2877 1761 2939 homo
1784 2876 1966 2941 matter

406 2974 514 3020 omnes
534 3004 543 3033 ,
561 2959 607 3020 ita
634 2975 669 3021 ut
692 2975 831 3034 peccaret
853 2960 1028 3026 mortaliter
1056 2960 1169 3038 iudex,
1204 2966 1328 3032 tantum
1349 2953 1547 3028 aluperiore
1566 2953 1626 3018 luit
1656 2959 1937 3020 excommunicatur
1955 3004 1964 3032 ,

406 3038 480 3111 qui,
508 3033 633 3112 praecisa
657 3034 863 3115 urgentissima
883 3038 981 3103 caussa
1001 3088 1010 3115 ,
1031 3040 1093 3105 sine
1114 3038 1168 3102 illa
1203 3049 1267 3095 non
1284 3028 1366 3092 secur
1385 3050 1422 3094 ac
1439 3050 1554 3110 antea,
1571 3034 1631 3097 line
1657 3036 1721 3098 iilia
1739 3032 1907 3112 suspicione
1928 3037 1965 3100 li·

406 3113 562 3179 censuram
578 3111 691 3195 ferret,
708 3137 768 3181 tion
786 3134 889 3181 tamen
905 3120 1083 3186 necessitate
1098 3138 1169 3183 ceri-
1202 3110 1275 3176 bere
1292 3130 1363 3172 cum
1378 3129 1418 3174 eo
1433 3118 1711 3179 communicarent.

407 3192 502 3269 surae,
525 3197 571 3259 ita
592 3213 628 3260 iit
648 3195 685 3261 srt
709 3195 863 3274 invalida,
884 3196 905 3260 si
926 3199 979 3265 illa
996 3199 1057 3265 sine
1081 3201 1165 3268 trina
1241 3189 1476 3266 supponendum
1495 3211 1523 3257 ὃ·
1548 3192 1582 3258 ἃ
1604 3193 1660 3260 hot
1685 3195 1722 3259 ab
1742 3194 1892 3271 aliquibus
1908 3216 1965 3260 ¹¹⁸·

405 3278 580 3340 monitione
598 3274 686 3340 lieret
709 3299 716 3339 :
742 3277 811 3353 quia
840 3277 936 3345 solum
964 3279 1168 3360 assignaturi
1201 3284 1319 3362 sifus·
1346 3266 1464 3365 fillum
1481 3268 1618 3338 senfibsle
1637 3296 1699 3340 ⁰0¹1
1726 3276 1771 3339 ita
1790 3296 1831 3339 ex
1849 3292 1967 3342 nttuu

404 3358 476 3419 iure
502 3354 538 3418 ad
569 3356 787 3421 accidentalem
811 3354 1040 3428 solemnitatem
1063 3356 1169 3426 censu·
1205 3370 1247 3414 rei
1271 3348 1364 3412 inesse
1385 3371 1416 3411 in
1433 3352 1551 3432 verbis,
1572 3371 1815 3433 utperntitum,
1837 3352 1967 3432 scriptu·

407 3455 469 3511 rae,
490 3456 550 3499 nori
572 3432 654 3500 secur
675 3441 711 3501 ad
730 3434 973 3503 substantialem.
995 3442 1043 3505 Sic
1058 3444 1166 3515 incap.
1204 3450 1284 3506 fami
1302 3430 1405 3495 &iisse
1424 3428 1549 3498 huiusce
1568 3439 1684 3511 tenerit
1714 3436 1796 3518 stent
1826 3437 1960 3519 sulplffl

409 3520 532 3585 Roman.
553 3517 589 3583 de
604 3514 731 3595 sentent.
757 3520 1062 3584 ercammarus.
1087 3522 1168 3583 Cen·
1204 3531 1267 3574 non
1295 3508 1413 3588 possit.
1435 3510 1552 3579 Idcirco
1578 3514 1598 3576 li
1628 3516 1723 3581 solum
1752 3522 1797 3583 iur
1822 3519 1965 3583 naturale

360 3655 369 3671 x·
408 3592 594 3673 surae‚quae
613 3595 697 3666 fiunt
712 3597 823 3685 absque
839 3604 1026 3675 competenti
1048 3600 1098 3669 seu
1117 3621 1168 3663 ca·
1201 3592 1385 3657 attendatur
1404 3640 1414 3670 ,
1431 3614 1573 3673 naitmq
1637 3617 1676 3661 ue
1704 3597 1818 3664 haberti
1848 3600 1967 3662 iurisdi-

392 3678 520 3764 ‘nonica
552 3679 751 3755 monitione,
774 3680 887 3759 iniustae
902 3679 1071 3757 dicontur,
1098 3684 1168 3757 quia
1202 3671 1334 3735 stioneni
1351 3667 1430 3736 serre
1446 3673 1543 3748 pollet
1558 3694 1615 3741 cen
1629 3698 1720 3757 uras,
1736 3701 1808 3742 cum
1822 3678 1964 3744 nutus&

407 3755 490 3817 liunt
505 3773 616 3822 contra
633 3756 778 3823 iustitiam
795 3762 924 3841 legalem
939 3759 989 3825 seir
1005 3778 1113 3827 contra
1126 3760 1167 3822 le·
1203 3751 1314 3827 scripta
1339 3750 1541 3832 Wiffimumi
1558 3776 1646 3834 aeque
1670 3780 1706 3823 ac
1723 3757 1836 3836 verba,
1851 3763 1966 3822 mentia

408 3854 498 3912 pern,
518 3857 584 3911 que
604 3836 698 3901 talem
718 3840 854 3904 ordinem
883 3839 1078 3919 praescribit,
1104 3860 1167 3904 non
1202 3848 1370 3926 conceptui
1388 3831 1474 3927 clare
1495 3834 1661 3915 significare
1682 3836 1811 3915 posl'rnt.
1833 3839 1966 3904 Etcum

408 3934 487 3979 vero
502 3921 572 3991 quia
593 3916 652 3984 sint
667 3938 779 3986 contra
796 3920 941 3986 iustitiam
967 3921 1166 3986 commutari·
1202 3934 1234 3978 ru
1255 3910 1387 3977 censurii
1404 3932 1421 3975 a
1438 3935 1503 3978 rute
1522 3917 1572 3981 vel
1591 3938 1609 3983 a
1631 3919 1746 3985 llatuto
1769 3939 1806 3986 ea
1827 3936 1966 3984 rantum·

408 4013 480 4056 vam
500 3996 552 4059 vel
573 3996 820 4077 dislributivatn3
841 4003 920 4066 unde
947 3999 1068 4066 iniuste
1097 3999 1167 4064 sunt
1202 3995 1292 4058 modo
1312 3989 1490 4058 solemnitas
1509 3996 1699 4067 observanda
1719 3998 1769 4076 sit,
1784 4020 1852 4076 qun
1863 4000 1902 4062 ad
1919 4000 1966 4063 le·

285 4097 287 4101 ’
408 4091 585 4141 ‘antufflssx
608 4099 694 4154 Parte
717 4083 843 4161 iudicis,
863 4086 935 4157 quia
961 4097 1068 4157 peccat
1093 4103 1167 4144 cori·
1202 4094 1269 4150 gem
1285 4073 1471 4151 requiritur,
1493 4078 1606 4143 idcirco
1622 4081 1671 4144 hic
1696 4077 1794 4144 solum
1812 4079 1967 4144 eittcidare

408 4170 458 4216 “³
480 4154 575 4232 ligem
596 4163 720 4225 modum
741 4159 856 4226 serendi
878 4160 1018 4229 censuras
1036 4159 1167 4239 praetiri-
1203 4153 1436 4245 recutritquod
1454 4158 1581 4235 exigunt
1599 4157 1675 4224 satri·
1693 4160 1836 4224 canone,
1853 4176 1971 4224 utem

447 4250 551 4296 sstem·
1202 4231 1271 4297 sura
1289 4232 1426 4308 legitime
1445 4230 1561 4302 seratur
1577 4239 1614 4303 ab
1632 4241 1772 4305 homine.
1791 4242 1849 4305 His
1871 4241 1969 4318 igitur

430 4311 550 4403 ,Νοῑῆ
573 4316 652 4391 quod
674 4321 802 4387 censura
818 4319 939 4387 tametsi
958 4321 1088 4398 valide,
1110 4320 1171 4380 illi·
1203 4309 1358 4390 praemissis
1374 4358 1383 4387 ,
1402 4308 1457 4375 fit.

406 4407 470 4483 “ti
493 4394 619 4460 dmm!
647 4419 699 4474 Ρθῐ
729 4402 851 4468 niodum
876 4400 1038 4466 sententiae
1066 4398 1168 4462 diebus
1242 4389 1342 4456 Verba
1352 4391 1570 4475 determinata,
1589 4401 1696 4478 quibus
1711 4400 1845 4468 censurae
1864 4396 1969 4463 seran·
1989 4402 2015 4457 Ι

408 4466 554 4552 s⁰f¹³¹s⁸i
579 4481 649 4553 quia
674 4482 710 4545 ad
731 4483 814 4547 illam
835 4485 1002 4559 requiritur
1019 4479 1167 4544 iudicialis
1203 4490 1276 4548 tur,
1298 4489 1315 4535 a
1336 4476 1405 4565 iure
1421 4491 1483 4536 non
1501 4482 1717 4562 requiruntur,
1738 4483 1772 4551 dc
1786 4482 1844 4547 lioc
1863 4497 1970 4558 patet,
1989 4478 2016 4532 a*

407 4555 520 4616 caussae
536 4561 690 4646 cognitio,
706 4585 774 4639 quae
793 4561 897 4631 diebus
911 4557 1052 4634 feriatis,
1071 4575 1167 4633 quana
1202 4556 1271 4631 quia
1286 4548 1394 4647 nullibi
1413 4557 1444 4615 in
1465 4558 1534 4619 iure
1551 4564 1755 4637 praelcribituf
1780 4567 1818 4628 ad
1839 4562 1897 4627 hoc
1918 4560 1970 4625 de.
1986 4595 2016 4645 b·

406 4631 447 4722 do
468 4653 485 4694 a
505 4639 675 4703 caussarum
691 4642 818 4713 strepitu
839 4642 905 4705 silet
927 4637 1047 4714 sorum,
1076 4638 1167 4702 habe·
1202 4649 1372 4701 terminata
1396 4632 1559 4702 verborum
1575 4640 1697 4710 forma.
1718 4648 1824 4722 Quare
1845 4642 1909 4707 sire
1924 4642 1969 4705 di·
1988 4672 2012 4707 ῃ

409 4732 433 4772 ¹¹
456 4719 561 4788 “eluit
587 4740 651 4790 can·
674 4724 776 4789 Finasi
799 4723 834 4786 de
852 4721 961 4803 feriis.
992 4717 1094 4782 Potest
1119 4736 1167 4780 ta·
1201 4730 1292 4779 catur
1315 4712 1454 4805 asutli'ce¹
1472 4721 1700 4790 Excomnico
1720 4740 1778 4803 ae,
1811 4724 1876 4788 sive
1900 4732 1930 4785 le
1948 4743 1968 4783 ι

407 4810 478 4853 meri
506 4794 593 4860 licite
622 4803 770 4868 Praelatus
794 4805 891 4865 etiam
914 4799 1018 4865 diebus
1048 4795 1168 4860 seriatis
1200 4811 1398 4887 mammatae
1408 4792 1544 4880 strango,
1563 4806 1663 4869 valida
1679 4807 1723 4871 est
1737 4802 1884 4874 censum,

408 4864 487 4963 serre
507 4877 663 4943 censuram
685 4902 734 4957 per
759 4884 881 4948 modum
911 4880 985 4955 legit
1005 4876 1037 4943 &
1056 4897 1168 4954 ptaece·
1240 4873 1453 4948 Requiruniur
1474 4896 1578 4945 tamen
1600 4889 1631 4947 iti
1648 4887 1780 4953 censurii
1801 4885 1876 4950 late
1897 4880 1965 4947 sep·

408 4966 483 5043 ⁹¹¹.»ss
494 4960 567 5028 <luia
583 4961 620 5023 ad
638 4962 713 5026 hanc
730 4984 793 5027 non
814 4963 979 5038 requiritur
994 4955 1104 5021 caulsae
1115 4978 1167 5020 co·
1202 4957 1311 5019 tentiae
1321 5002 1330 5032 ,
1350 4952 1415 5018 sive
1430 4978 1485 5032 pro
1505 4959 1666 5044 presenti,
1683 4964 1747 5032 sive
1764 4986 1820 5046 pro
1840 4962 1966 5041 futuro,

407 5048 524 5109 5¹¹¹t¹03
549 5040 639 5104 inimo
655 5063 724 5106 eam
744 5062 881 5121 quoquc,
898 5060 966 5117 quae
989 5036 1085 5101 seriur
1115 5058 1167 5114 per
1203 5032 1317 5127 verba,
1337 5055 1414 5127 que·
1432 5037 1603 5115 Superioris
1630 5048 1839 5114 intentionem
1862 5048 1965 5110 deter-

480 5132 531 5176 um
548 5114 736 5202 sententiae,
760 5122 882 5202 quaudo
900 5120 1098 5187 contumacia
1119 5119 1164 5183 rei
1199 5132 1318 5185 minate
1332 5115 1507 5192 explicent.
1524 5121 1609 5188 Nam
1625 5127 1720 5194 verba
1736 5129 1793 5196 lioc
1819 5127 1965 5207 polierio·

1043 5227 1046 5229 ’
1898 5228 1924 5270 ri
