4584 5992
623 559 688 612 oa
728 540 909 612 Sauro
946 538 1260 636 Railoioeo
1296 540 1414 618 Cir.
1441 543 1500 616 11.
1709 563 1780 646 253

293 633 445 702 Neritius
469 632 679 713 professionem
717 635 771 701 sua
808 639 927 714 propria
955 656 1047 700 manu
1082 638 1181 702 sorum
1207 640 1450 718 firmorumque
1477 643 1617 718 Ordine,
1642 657 1678 707 ut
1707 648 1741 708 iri
1771 663 1838 719 cap.

292 716 421 793 scribat,
443 718 475 781 dt
498 714 518 777 si
541 714 666 780 scribere
688 717 801 781 nesciat
823 764 832 794 ,
852 717 934 781 alter
952 717 990 779 ab
1010 735 1047 777 eo
1081 719 1339 860 constitutionem.
1365 722 1401 783 lii
1428 741 1536 801 genere
1562 722 1754 801 subalterno,
1784 723 1839 789 seu

293 799 419 876 rogatus
439 797 549 860 scribat
567 845 577 875 ,
595 796 629 861 d<
651 796 701 858 ille
727 796 828 873 postea
849 795 931 873 siguo
950 799 1048 860 crucis
1082 804 1113 861 iri
1144 803 1226 876 pecie
1244 799 1289 865 est
1310 801 1447 877 illorum,
1468 804 1519 878 qui
1543 803 1725 881 generaliter
1746 801 1840 882 proli·

295 873 392 955 signet
411 920 420 939 .
453 876 494 940 Et
515 877 570 941 hoc
593 879 624 939 iii
652 876 792 941 omnibus
820 876 923 952 passim
939 876 1049 939 Mona·
1083 896 1189 944 tentui
1208 895 1326 943 certain
1347 880 1493 957 Regulam
1512 880 1545 945 dc
1566 881 1734 961 Ordinem,
1762 898 1841 961 puta

292 958 421 1020 eborum
456 950 747 1034 Congregationibus
787 972 942 1033 receptum
977 956 1047 1017 ell.
1083 958 1345 1035 mendicantium,
1375 959 1622 1036 Monachorum,
1649 960 1838 1027 clericorum

292 1036 390 1099 lfflm0
417 1035 452 1101 ἃ
472 1036 528 1100 ¹¹00
560 1038 736 1113 praecipitur
764 1038 794 1099 in
814 1035 1050 1099 Couslitutionie
1084 1042 1115 1102 in
1136 1060 1230 1102 manu
1252 1040 1378 1103 alicuius
1398 1040 1566 1115 Superioris
1586 1039 1635 1103 vel
1654 1040 1779 1105 alterius
1799 1039 1838 1105 de

291 1115 348 1178 biis
363 1115 392 1176 S.
410 1115 586 1195 Augustini.
605 1117 682 1179 Haec
699 1132 802 1178 tamen
819 1116 984 1191 scriptura,
1001 1118 1048 1179 uti
1083 1122 1147 1184 eius
1162 1118 1309 1194 licentia,
1333 1135 1513 1184 nontamen
1531 1118 1716 1195 profitentur
1732 1125 1763 1182 iii
1783 1121 1839 1185 ali·

292 1194 459 1271 &reliqui
482 1198 558 1260 ritus
584 1199 617 1258 in
638 1196 762 1273 Regulis
792 1215 827 1259 ac
847 1194 1050 1259 Constitutio·
1083 1219 1142 1276 quo
1174 1198 1365 1262 Monallerio
1392 1198 1569 1275 particulari
1604 1199 1839 1264 determinatam

289 1274 382 1339 liibus
402 1273 619 1353 Religiosorum
634 1278 742 1351 quovis
758 1276 848 1340 modo
863 1276 1049 1354 praelcripti,
1084 1281 1184 1343 vitam
1204 1279 1386 1355 Regularem
1401 1278 1440 1341 ibi
1459 1277 1653 1342 servandam.
1672 1278 1706 1340 ln
1727 1280 1839 1344 indivi-

264 1375 355 1419 ›non
386 1355 484 1418 solent
516 1360 668 1433 attingere
689 1354 864 1419 erientiam
896 1351 1049 1431 prosell'io·
1082 1359 1143 1422 duo
1163 1355 1345 1422 tandemest
1363 1353 1502 1431 profeiuo
1521 1378 1648 1434 eorum,
1671 1361 1721 1432 qui
1745 1355 1838 1435 profi·

290 1439 357 1499 riis.
379 1438 484 1510 Quare
500 1437 565 1499 iure
585 1433 799 1498 Decretalium
818 1438 914 1499 etiarn
940 1431 1049 1512 prosel-
1083 1453 1191 1502 rentur
1212 1454 1328 1501 certam
1358 1437 1526 1515 Regulam,
1553 1437 1587 1502 ἀ
1609 1441 1640 1498 iii
1663 1455 1751 1501 certo
1772 1445 1845 1513 pat·v

291 1514 390 1579 sioucs
419 1516 481 1579 line
511 1514 576 1579 ulla
606 1511 830 1594 solemnitate,
865 1517 960 1578 immo
989 1513 1049 1579 siric
1084 1519 1204 1581 titulari
1221 1516 1425 1591 Monasleiio,
1446 1535 1519 1591 puta
1534 1517 1683 1593 Regulam
1698 1517 1725 1578 S.
1743 1516 1839 1581 Bene·

291 1593 394 1661 verbis
412 1641 421 1672 ‚
451 1594 517 1660 solo
533 1594 633 1671 aliquo
660 1591 738 1658 sisto
761 1596 905 1659 exteriori
937 1595 1048 1660 validae
1082 1596 1150 1660 disti
1169 1600 1200 1658 in
1217 1597 1406 1663 Monallerio
1415 1597 1442 1658 S.
1457 1595 1575 1658 lullinae
1588 1598 1726 1659 Patavii.
1743 1599 1839 1669 Quae·
1857 1618 1860 1623 ’

291 1673 487 1739 declarantur
510 1723 519 1749 ,
546 1673 578 1739 dt
597 1674 649 1739 lias
675 1674 780 1738 tacitas
803 1672 982 1756 proferenti
1003 1673 1049 1738 so·
1084 1678 1158 1741 libet
1180 1696 1219 1741 ex
1239 1677 1284 1739 bis
1310 1675 1464 1755 obligabat
1487 1676 1523 1738 ad
1552 1676 1760 1755 Religionem,
1788 1675 1839 1739 sed

290 1754 360 1820 lent
377 1774 490 1820 vocare
508 1753 702 1825 Canonistaet
723 1775 851 1830 quarum
885 1757 1048 1830 peciesoc·
1083 1776 1136 1836 per
1165 1759 1291 1832 primam
1323 1756 1434 1833 ingredi
1464 1771 1609 1829 poterant
1639 1758 1684 1817 ita
1720 1751 1837 1828 professi

290 1835 388 1899 currit
405 1837 436 1896 in
453 1854 517 1911 cap.
535 1853 583 1896 aa.
597 1841 629 1915 ‚§.
648 1834 684 1897 de
699 1832 864 1915 Regulorr'b.
880 1835 914 1900 dt
929 1833 1048 1912 Fagna·
1082 1855 1302 1913 quemcumque
1327 1836 1494 1897 Ordinem:
1516 1854 1567 1910 per
1583 1832 1740 1897 secundam
1760 1835 1838 1896 limi·

291 1930 350 1977 rius
369 1912 472 1979 censet
494 1915 529 1977 ad
550 1935 616 1990 cap.
638 1913 699 1980 Aa
725 1916 849 1991 nostram
876 1924 903 1983 ς.
923 1916 1048 1990 eodem,
1083 1915 1229 1979 tabantur
1246 1915 1283 1978 ad
1305 1916 1436 1990 aliquem
1452 1912 1611 1988 specialem
1626 1912 1773 1976 Ordinem
1783 1934 1837 1991 pu·

290 2013 348 2056 nec
370 2014 421 2068 per
451 1994 624 2057 Concilium
652 1993 809 2058 Trideut.=
828 1999 956 2058 tacitam
978 2016 1047 2072 pro·
1083 2014 1115 2059 ta
1136 1996 1363 2071 Monachatus,
1386 1994 1435 2055 vel
1457 1994 1717 2065 Mendicantium,
1743 2006 1837 2068 prout

290 2068 448 2138 frisionem
467 2073 527 2136 else
546 2073 714 2151 sublatam,
732 2094 800 2149 quae
819 2073 858 2137 de
878 2077 948 2138 iure
964 2096 1047 2138 com·
1081 2077 1146 2151 quis
1166 2068 1310 2150 proserius
1329 2091 1414 2137 erat:
1437 2092 1488 2147 per
1508 2068 1838 2136 tertiamntlabmmr

291 2155 377 2218 muni
396 2149 572 2217 censebatur
592 2151 695 2215 emissa
715 2151 750 2217 δι
775 2149 852 2218 fasla
883 2174 935 2231 per
954 2152 1046 2218 susce-
1082 2155 1119 2219 ad
1149 2153 1223 2218 illud
1261 2153 1388 2231 speciale
1424 2150 1644 2215 Monalletium
1674 2147 1844 2224 secundum
1935 2196 1937 2220 2

292 2234 429 2309 ptionem
459 2233 580 2297 habitus
610 2228 835 2311 professorum,
864 2234 952 2299 modo
981 2234 1046 2301 haec
1080 2234 1303 2299 Monachorum
1339 2231 1546 2308 inslitutum,
1575 2234 1606 2291 iri
1635 2249 1694 2305 quo
1722 2228 1839 2305 fingula
1936 2232 1949 2319 'i

292 2331 377 2377 nunc
396 2310 453 2376 fiat
473 2314 626 2390 completo
647 2314 694 2375 16.
712 2315 817 2378 aetatis
837 2335 937 2379 anno.
1080 2313 1270 2379 Monalleria
1289 2310 1437 2378 habebant
1454 2308 1520 2373 suos
1536 2305 1699 2384 professos,
1720 2312 1837 2374 uetita

329 2390 424 2457 luxta
446 2394 540 2471 igitur
559 2412 753 2457 communem
774 2390 859 2457 usum
880 2396 969 2458 liuius
989 2414 1046 2457 no·
1081 2392 1170 2458 sacile
1186 2393 1408 2457 concedebatur
1424 2390 1650 2467 transmigratio
1667 2389 1704 2451 ab
1720 2408 1782 2456 urio
1797 2386 1837 2452 ad

290 2472 402 2550 minis,
421 2476 471 2550 qui
492 2492 571 2537 nuric
592 2472 726 2537 invaluit
747 2475 779 2534 iii
796 2473 947 2550 Ecclesia,¹
967 2474 1044 2536 scili·
1081 2473 1163 2538 aliud
1179 2473 1419 2538 Monasltrium.

287 2567 342 2615 cet
363 2571 417 2645 pro
433 2549 498 2616 adiu
524 2600 532 2627 ,
559 2572 619 2628 quo
643 2555 707 2627 quis
729 2551 800 2616 vult
831 2549 1048 2617 statum‘Reli·
1120 2554 1212 2617 Licet
1243 2554 1307 2617 litet
1330 2548 1442 2613 divisio
1470 2546 1611 2640 probetur
1632 2566 1673 2638 ex
1702 2542 1837 2620 pluribus

289 2633 389 2705 gioiiis
411 2630 604 2694 immobiliter
626 2630 762 2704 amplelli
781 2678 790 2707 ,
812 2630 928 2709 publice
950 2652 984 2694 ae
1002 2630 1047 2693 so·
1080 2632 1229 2707 capitibus
1245 2635 1275 2694 in
1292 2630 1361 2696 lure
1376 2646 1543 2715 canonico,
1560 2645 1711 2712 praecipue
1720 2645 1759 2687 eit
1770 2642 1837 2701 cap.

291 2708 439 2772 lemnirer
470 2711 531 2773 tria
560 2707 771 2772 substantialia
802 2727 877 2773 vota
905 2709 1046 2773 obedien·
1076 2709 1283 2793 finguli'rcap.
1301 2730 1366 2774 rum
1386 2707 1516 2785 depuiou
1536 2705 1574 2768 dc
1600 2703 1716 2767 ruditus
1739 2702 1773 2765 &
1794 2707 1839 2765 ix

291 2792 369 2863 tiae,
388 2787 535 2852 castitatis
552 2835 560 2862 ,
577 2790 763 2863 paupertatis
779 2789 948 2852 emittendo
968 2837 976 2864 ,
996 2789 1047 2851 de·
1080 2791 1264 2855 Clementin.
1283 2787 1481 2854 antecedentes
1505 2785 1540 2848 dt
1561 2784 1642 2865 ,latu
1661 2780 1833 2846 Monacbor·
1900 2790 1904 2796 “

291 2866 376 2928 finiri
393 2866 515 2943 potest:
535 2868 704 2929 comasius
725 2866 844 2932 moralis
864 2916 872 2944 ,
897 2890 950 2945 quo
966 2868 1047 2933 bomo
1082 2869 1170 2934 bodie
1190 2883 1315 2948 tamen,
1334 2885 1370 2932 ut
1388 2870 1478 2930 horat
1494 2864 1676 2943 Fagnauus,
1691 2882 1754 2927 non
1775 2860 1837 2953 alia

291 2943 461 3008 voluntarie
477 2944 607 3086 leipsitm
636 2945 811 3009 irruituro
834 2946 867 3009 i'ii
896 2947 950 3010 tali
964 2949 1046 3018 Reli·
1080 2952 1144 3015 viiii
1160 2946 1372 3025 obtinet-,niis
1393 2954 1517 3021 eoque
1536 2944 1649 3008 dieitur
1671 2945 1706 3004 in
1722 2941 1837 3003 indivi-

280 3022 372 3103 gr‘one
392 3042 476 3104 appio
494 3038 569 3101 ota,
599 3026 794 3101 promittendo
814 3026 873 3089 irr'a
900 3038 972 3091 voto
986 3024 1046 3091 obe·
1079 3032 1262 3107 duo,iuxta
1278 3029 1444 3094 Decretum
1459 3023 1590 3089 Concilii
1607 3021 1692 3085 Trid.
1708 3041 1833 3099 cap.15.

285 3103 440 3179 aientia,
467 3107 673 3184 paupertatis,
703 3124 741 3169 oc
760 3105 928 3184 castitalis,
956 3105 990 3169 id
1009 3127 1045 3171 ue
1079 3108 1144 3174 sess.
1161 3128 1207 3185 25.
1224 3109 1259 3172 dc
1278 3101 1444 3186 Regularib.
1727 3159 1735 3174 ,
1843 3120 1859 3166 j.

289 3184 511 3275 interveniente
544 3184 677 3276 Ρνρίαιὶ-
694 3186 848 3265 Regulari'i
883 3128 1045 3267 consensi,
1119 3185 1266 3254 Proseffio
1281 3191 1312 3251 in
1334 3183 1495 3249 individuo
1513 3182 1661 3276 dividitur
1680 3181 1712 3241 iii
1739 3179 1847 3269 expli·-

283 3267 342 3342 gur·
359 3284 475 3328 nomine
493 3270 549 3328 Dra
578 3266 633 3328 illa
655 3277 809 3343 acceptat.
843 3266 919 3331 Haec
949 3266 1042 3332 verba
1078 3271 1173 3333 citam
1200 3267 1251 3333 seu
1272 3266 1459 3341 expressam,
1482 3262 1516 3327 ἃ
1545 3279 1672 3326 tacitam
1694 3279 1761 3344 5³1³·
1783 3259 1836 3319 Vl·

288 3347 453 3409 continent
473 3346 663 3408 conditiones
685 3366 790 3410 omnes
815 3345 892 3409 alias
917 3347 1044 3411 recensi·
1076 3351 1162 3425 dua,
1185 3368 1251 3426 cap.
1272 3348 1332 3413 Ad
1357 3346 1480 3424 nosram
1502 3343 1540 3405 dr
1565 3335 1733 3417 Retvllrlb·
1763 3339 1835 3429 1³19·

289 3437 342 3486 ιιι
363 3421 400 3485 ad
416 3421 527 3489 statum
547 3421 746 3500 Religiosum.
1079 3425 1165 3492 sellio
1179 3426 1315 3502 expressa
1333 3425 1375 3487 est
1400 3442 1454 3495 ca,
1494 3439 1541 3483 uae
1563 3419 1603 3505 sit
1626 3414 1738 3488 verbe,
1762 3417 1836 3478 lcti-

330 3503 502 3566 Secundum
524 3507 649 3579 antiqua
678 3507 743 3567 iura
766 3507 777 3578 s
801 3503 975 3569 Calderinus
997 3505 1044 3568 liic
1080 3525 1153 3582 pto,
1174 3507 1225 3569 vel
1241 3507 1338 3567 etiam
1358 3443 1491 3565 nutibus
1505 3496 1689 3589 sufficienter
1708 3490 1837 3584 conseri·

290 3581 407 3645 relatui
437 3604 455 3647 a
475 3583 626 3647 Rotliario
647 3585 658 3659 )
681 3581 819 3659 professio
845 3585 992 3646 dividitur
1013 3588 1044 3645 in
1080 3585 1141 3648 sum
1158 3583 1416 3661 exprimentibus,
1444 3599 1501 3642 nec
1528 3597 1582 3655 pro
1602 3576 1661 3671 ¹¹¹3.
1687 3571 1836 3649 scriptura

291 3658 498 3736 professionem
515 3663 581 3727 Reli
604 3667 681 3725 ionis
699 3668 729 3725 in
754 3683 867 3741 genere
887 3662 1045 3741 generalis·
1080 3663 1212 3728 formula
1236 3664 1335 3738 aliqua
1361 3659 1520 3726 verborum
1543 3670 1745 3742 exquiritur,
1778 3665 1836 3718 aut
1906 3671 1909 3675 ’

285 3738 378 3818 simo,
408 3745 439 3805 in
460 3740 557 3817 specie
583 3685 635 3806 seu
656 3748 685 3804 iii
715 3762 825 3820 genere
851 3740 1023 3806 subalterno
1078 3760 1227 3822 exparte
1252 3741 1447 3821 profitentis,
1475 3755 1534 3802 aus
1551 3756 1593 3801 ex
1614 3751 1703 3831 parte
1722 3734 1836 3799 admit·

282 3819 319 3884 dc
343 3824 373 3884 iii
391 3823 565 3887 individuo.
586 3821 623 3884 lii
641 3842 749 3900 genere
766 3819 987 3898 generalisfimo
1001 3790 1044 3886 esd
1079 3828 1194 3890 tentia.
1218 3820 1522 3893 contradusenim,
1546 3814 1634 3882 ficuti
1653 3809 1697 3905 esi
1723 3809 1835 3889 profes·
1903 3899 1905 3902 ι

284 3900 409 3964 illorum
455 3900 592 3978 roseffio,
619 3906 671 3975 qui
699 3900 727 3965 se
753 3901 820 3964 Deo
848 3902 1044 3967 devoverunt
1079 3903 1195 3984 sio,de
1211 3921 1323 3968 natura
1351 3901 1404 3966 sua
1423 3897 1584 3974 liabct,ut
1599 3891 1735 3972 quolibet
1752 3890 1835 3969 signo

282 3992 336 4057 per
359 3924 467 4060 seipsis
485 4001 594 4047 votum
611 3983 780 4060 Religionis
795 3982 1044 4055 emittendorum·
1078 3986 1255 4050 declarante
1283 3978 1384 4059 perfici
1406 3979 1530 4053 valeat,
1559 3977 1666 4049 excipe
1684 3987 1787 4035 tamen
1810 3967 1835 4033 si

286 4062 321 4123 ad
342 4064 405 4127 tria
428 4079 505 4126 vota
530 4062 739 4126 substantialia
760 4064 793 4121 i'ii
814 4061 949 4125 manibus
976 4062 1043 4134 Epi·
1080 4069 1111 4128 in
1132 4065 1231 4138 aliqua
1247 4064 1407 4140 Religione
1422 4056 1573 4121 statutum
1588 4052 1626 4116 sit
1642 4068 1677 4116 ut
1695 4046 1835 4143 professio

286 4140 362 4218 scopi
383 4142 432 4205 vel
450 4143 600 4216 alterius,
614 4140 648 4206 dc
668 4143 704 4204 de
724 4141 771 4203 bis
792 4140 920 4205 liabetur
944 4145 974 4203 in
992 4140 1043 4203 lu·
1080 4144 1182 4209 verbis
1202 4141 1252 4205 vel
1273 4141 1384 4214 scripto
1403 4137 1479 4199 fiat.
1494 4136 1673 4207 Caeterum,
1698 4131 1769 4218 litet
1795 4129 1835 4193 ad

284 4240 317 4284 re
338 4220 457 4285 Canon.
485 4243 551 4298 cap.
581 4221 669 4301 Quod
694 4220 871 4297 interrogasti
900 4240 948 4301 η.
979 4220 1042 4284 dist.
1080 4222 1277 4289 validitatem
1304 4216 1490 4305 proseffionii
1509 4212 1626 4278 neoelle
1642 4210 1768 4303 noo-lit
1797 4225 1834 4274 ut

278 4298 314 4363 dc
335 4302 430 4366 alibi.
453 4301 536 4363 Nam
563 4299 727 4365 secund-um
758 4300 971 4364 Innocentium
993 4300 1043 4364 ille
1078 4301 1256 4367 observetur
1276 4298 1376 4374 aliqua
1398 4295 1547 4372 lotmula,
1567 4313 1634 4370 quar
1655 4309 1752 4354 variae
1781 4309 1835 4365 pio

284 4379 400 4443 dicitur
415 4376 556 4457 proselitis
570 4429 578 4457 ,
591 4384 643 4456 qui
664 4381 739 4443 dicit
757 4382 898 4458 Profiteor
913 4387 970 4444 Deo
986 4384 1043 4442 Or·
1080 4384 1175 4446 variis
1190 4380 1257 4444 Reli
1280 4381 1382 4441 ionum
1400 4373 1674 4439 Constitutionibus
1693 4371 1755 4434 else
1766 4368 1832 4444 pos·

279 4458 387 4523 dinem
411 4462 624 4538 moechatur,
653 4460 725 4522 licet
750 4480 812 4520 non
840 4460 922 4525 dicat
949 4460 1040 4522 Ordi-
1079 4462 1168 4540 sunt,
1188 4460 1236 4525 sed
1260 4401 1432 4523 sufficiatsi
1453 4456 1511 4518 fiat
1532 4458 1671 4546 inmanu
1692 4447 1835 4525 Prelio,

285 4559 354 4603 nem
374 4540 404 4601 S.
430 4539 558 4614 Basilii,
584 4537 736 4603 Benedidii
764 4539 825 4604 dcc.
855 4540 926 4602 Hoc
955 4540 1044 4603 modo
1080 4541 1140 4619 ipso
1160 4538 1225 4603 solo
1244 4537 1461 4616 &profitente
1500 4531 1694 4599 raesentibua:
1711 4529 1834 4593 Conve-

280 4622 400 4694 paritet
415 4620 459 4684 esi
481 4619 626 4698 professus
648 4623 692 4691 is,
717 4622 765 4681 cui
784 4620 877 4697 ligata
893 4618 934 4680 ell
955 4619 1045 4683 liber·
1080 4619 1298 4686 nientissimum
1322 4634 1425 4681 tamen
1454 4556 1498 4678 td
1525 4629 1561 4678 ut
1589 4612 1645 4676 fiat
1669 4604 1834 4684 scripto&

285 4715 333 4764 tas
353 4697 406 4762 sub
422 4702 605 4764 conditione
626 4698 648 4760 si
669 4698 837 4762 Monachus
858 4697 934 4777 liat,
956 4717 991 4763 ut
1013 4703 1043 4761 iii
1079 4722 1183 4765 coram
1214 4697 1364 4773 testibus,
1391 4698 1440 4771 qui
1468 4691 1559 4756 sidem
1586 4709 1692 4756 coram
1728 4685 1834 4781 Eccle-

286 4799 351 4856 eap.
368 4782 461 4862 fimus
481 4780 516 4843 de
536 4780 616 4843 cond
639 4781 692 4853 qui
714 4779 796 4841 intra
813 4798 924 4840 antium
942 4780 1044 4854 proba·
1080 4780 1171 4857 siam,
1194 4779 1215 4841 si
1240 4779 1433 4851 oportuerit,
1456 4770 1596 4838 satiarit.
1628 4771 1833 4833 Abominatur

283 4863 380 4926 tionis
398 4858 544 4939 proselitis
560 4858 604 4924 ell
623 4858 1045 4933 RegulamMendicantium,
1079 4864 1161 4924 criim
1182 4857 1312 4921 Ecclesia
1332 4852 1537 4919 huiuscemodi
1552 4848 1722 4921 coutradlus
1746 4846 1836 4938 clau·
1910 4861 1914 4866 ’

284 4943 369 5004 utin
389 4962 457 5015 cap.
483 4944 556 5006 Non
573 4938 673 5013 solum
698 4938 733 5002 de
754 4936 844 5017 regul.
865 4936 941 5000 r'riri‘s
961 4942 992 5000 in
1013 4941 1043 5000 6.
1080 4940 1227 5015 dellinos,
1248 4955 1357 5014 utpote
1375 4934 1478 4999 litibus
1498 4930 1532 4997 dc
1552 4925 1766 4995 controversiis
1783 4925 1837 4991 oli·

281 5024 336 5091 aul
357 5022 484 5085 tandem
512 5017 723 5097 professionem
744 5021 871 5082 tacitam
899 5014 973 5080 sacit
999 5021 1045 5079 iii·
1081 5023 1209 5084 noxios.
1236 5015 1381 5082 Proselsio
1403 5017 1500 5079 tacita
1527 5032 1563 5075 ea
1580 5009 1642 5087 est,
1661 5028 1728 5083 qute
1748 5005 1837 5087 signia

279 5095 330 5167 sia
348 5122 463 5168 aunum
484 5108 536 5178 ptr
551 5096 773 5178 susceptionem
791 5096 914 5163 habitus
932 5092 1047 5180 prosel·
1083 5119 1138 5171 aut
1157 5098 1322 5205 titionibus
1344 5116 1361 5162 a
1379 5100 1448 5162 iure
1461 5090 1586 5159 statutis
1606 5090 1808 5233 ίιιάιιιὶιιιιξῶ.
