4584 5992
607 576 673 628 na
712 548 1510 631 spiruReiieiosocir.111.
1687 564 1736 638 ra

273 674 290 731 r
327 659 459 734 nititur,
479 655 525 720 ait
540 653 731 727 Cuniliatus,
753 666 788 712 ut
804 652 870 738 quis
885 644 942 710 fiat
962 647 1026 710 cul·
1061 650 1146 726 bus(
1175 668 1211 713 ut
1231 652 1272 714 D.
1300 650 1413 716 Tliom.
1440 660 1482 720 ait
1503 656 1645 738 Quodlib.
1684 681 1729 723 10.
1752 676 1809 736 art.

274 758 311 823 pa
335 741 418 804 iliter
438 736 608 799 inobediens
627 780 636 810 ,
665 749 770 805 nempe
791 728 921 792 violatio
948 746 1025 803 piae·
1064 748 1109 790 ιο.
1128 731 1164 792 ad
1182 745 1209 808 3.
1227 731 1239 806 )
1257 735 1286 793 in
1301 752 1359 807 quo
1374 732 1435 799 stat
1449 741 1630 803 exercitium
1655 749 1723 806 voti
1739 739 1808 807 ob'e-

273 824 356 900 cepti
375 812 569 894 expulsi-vel
587 815 672 877 taciti
685 857 693 886 ,
708 828 797 884 quam
819 825 855 871 ut
870 811 935 883 quia
954 826 1025 869 con·
1061 812 1206 886 dientiae,
1225 811 1295 874 dum
1326 808 1455 880 studiosi,
1473 832 1507 879 ut
1528 822 1618 894 genio
1640 821 1693 884 iiio
1713 823 1811 886 indul·

274 900 421 965 iliruatur
442 891 594 960 virtnolus
613 891 753 955 obediens
777 935 786 964 ,
814 908 883 950 cum
904 887 941 951 ad
955 885 1026 977 ¹lio'c
1062 906 1182 966 geant,
1210 889 1406 967 Superiorum
1425 892 1608 972 dispositioni
1632 899 1660 963 le
1687 898 1810 967 subdere

276 978 406 1046 sufficiat
432 994 468 1042 ut
505 991 629 1039 tantum
664 970 832 1031 innoieleat
857 968 1025 1043 Superioris
1062 967 1230 1031 reluliantl
1250 970 1352 1044 Quam
1371 993 1515 1038 coronam
1531 980 1759 1056 mercedis,qui
1776 980 1811 1046 fi.

280 1062 460 1134 voluntas,
497 1070 682 1132 quocumque
731 1048 820 1111 modo
862 1044 1026 1121 deprehen·
1061 1049 1129 1109 dem
1145 1048 1290 1123 promissis
1314 1071 1374 1114 non
1394 1050 1582 1134 servavere,
1613 1057 1810 1124 aniliiffimo

274 1142 384 1205 datur,
1061 1127 1116 1190 Dei
1149 1129 1258 1219 iudicio
1282 1126 1400 1204 sperare
1429 1135 1576 1213 poliunt,
1606 1139 1725 1215 quando
1755 1144 1811 1204 vix

312 1214 362 1285 Ad
381 1202 1024 1289 obedientiampetfelieaRtligioloexer·
1061 1227 1156 1270 uriam
1185 1205 1335 1270 astionem
1363 1210 1504 1276 exhibere
1548 1236 1718 1296 poterunt,
1754 1224 1810 1283 vix

274 1299 427 1375 cendam,
452 1293 575 1370 eiusque
603 1308 714 1355 votum
742 1285 925 1377 implendum
954 1302 1023 1358 qua·
1060 1308 1155 1349 unum
1178 1286 1313 1378 officium
1341 1284 1549 1374 perlunllum,
1577 1300 1654 1374 quod
1676 1298 1725 1373 ipsi
1746 1320 1809 1363 non

275 1393 347 1442 tuor
372 1378 563 1442 conditiones
594 1372 710 1445 exquiri
738 1382 944 1428 communiter
973 1364 1024 1425 do·
1060 1364 1255 1441 exquisierint
1283 1387 1316 1429 ac
1346 1389 1385 1433 ex
1414 1375 1531 1446 propria
1553 1379 1716 1441 voluntate
1748 1399 1810 1441 non

275 1476 346 1523 cent
364 1460 432 1521 DD.
447 1459 546 1519 Prima
560 1500 567 1527 ,
581 1451 658 1526 quod
679 1445 715 1509 sit
732 1465 813 1511 caeca
832 1492 842 1521 ,
872 1440 942 1506 idell
961 1462 1024 1534 non
1061 1450 1270 1522 retinuerint,
1286 1452 1409 1511 mininie
1426 1469 1502 1515 vero
1518 1454 1684 1532 lusceptum
1699 1477 1738 1520 ex
1756 1458 1810 1521 bu·

276 1536 429 1604 lerutetiir
455 1537 597 1612 praecepti
631 1530 791 1601 rationes,
821 1525 871 1587 led
901 1540 1025 1601 cognito
1060 1525 1124 1586 mili
1143 1544 1178 1588 ac
1201 1523 1314 1588 sincero
1330 1528 1483 1591 obediendi
1499 1531 1631 1613 affellu,
1661 1534 1723 1599 line
1744 1557 1810 1613 pio·

275 1634 448 1696 pracepto,
466 1609 628 1677 dummodo
643 1626 705 1670 non
721 1603 837 1671 conllet
859 1602 975 1667 l'ubdito
989 1601 1025 1664 il·
1061 1607 1132 1679 priae
1154 1604 1323 1668 voluntatis
1344 1609 1554 1675 admixtione?

275 1699 395 1764 licitum
414 1696 474 1761 eise
502 1691 581 1768 quod
602 1709 620 1752 a
639 1687 800 1761 Superiore
817 1686 1025 1760 praecipitur,
1099 1682 1257 1747 Obiedium
1286 1681 1337 1748 seu
1363 1693 1493 1753 materia
1521 1697 1589 1758 voti
1608 1693 1809 1772 obedientia,

275 1794 414 1857 prompte
440 1786 629 1853 exequetur,
657 1771 754 1830 etiani
781 1763 869 1827 nullo
888 1759 1023 1838 expecta·
1061 1761 1249 1838 siquatenns
1266 1781 1415 1828 remotum
1438 1766 1480 1830 eli
1502 1771 1535 1834 dt
1555 1774 1715 1836 materiale
1735 1794 1810 1837 con·

273 1873 309 1923 to
326 1871 476 1934 precepto
498 1901 506 1925 ,
536 1853 581 1913 led
600 1846 662 1911 iola
680 1846 843 1909 voluntate
859 1842 1024 1917 Superioris
1060 1839 1206 1906 fideretur
1233 1839 1363 1919 relpediu
1391 1844 1571 1917 obedientiae
1599 1849 1809 1928 perfeetionis,

273 1935 468 2015 lignificata.
501 1933 616 1996 Multos
636 1926 717 1990 enlm
736 1924 962 2012 vldlffifsslssli
985 1921 1021 1984 D.
1060 1921 1127 1986 lunt
1147 1942 1185 1985 ea
1204 1926 1538 2001 omnia,quaeillictt2
1562 1953 1625 1994 „00
1648 1929 1740 2007 sum
1773 1950 1810 1996 ac

274 2011 447 2081 bernardus
469 2015 535 2076 loco
551 2015 606 2074 cit.
629 2008 640 2083 )
657 2006 712 2085 post
727 2013 919 2082 precipientis
935 2017 1023 2077 impe·
1061 2003 1183 2095 proinde
1206 1998 1331 2094 perfelle
1346 2005 1519 2093 obedientes
1537 2031 1599 2073 non
1623 2011 1810 2085 attendunt,

274 2098 358 2161 rium
378 2098 488 2159 mullas
500 2090 601 2172 facere
618 2087 799 2164 questiones,
818 2079 890 2145 cur?
913 2077 1024 2170 guarel
1061 2103 1099 2143 an
1120 2082 1194 2143 uilia
1224 2081 1388 2156 Superioris
1411 2084 1470 2149 lint
1501 2089 1589 2168 supra
1619 2092 1669 2153 vel
1699 2109 1809 2166 praeter

273 2198 363 2257 quam
383 2175 415 2237 ol
435 2170 524 2238 rem?
548 2168 656 2246 laepi'us
679 2166 883 2240 interrogare,
911 2157 1023 2224 crebras
1060 2159 1224 2239 Regulam,
1246 2162 1379 2239 respectu
1401 2184 1475 2230 vero
1489 2167 1668 2234 obedientia:
1689 2168 1810 2232 necessi·

271 2257 452 2336 ingeminare
468 2251 598 2330 querelas
624 2272 632 2307 ε
667 2247 737 2308 iales
762 2265 817 2305 nori
827 2234 944 2330 fuciunt
963 2238 1024 2303 obe·
1060 2245 1154 2315 tatis,
1178 2260 1239 2303 non
1265 2237 1334 2304 sunt
1364 2248 1469 2310 omnia
1490 2267 1551 2312 non
1574 2249 1675 2325 mala,
1705 2246 1810 2309 ledea

268 2335 417 2399 arentiam
434 2341 495 2396 Deo
516 2338 660 2405 acceptam
680 2374 688 2401 ,
716 2340 766 2387 nec
782 2317 943 2385 hominibus
954 2341 1023 2399 gra·
1059 2319 1298 2397 tantummodo,
1312 2322 1348 2383 ad
1371 2344 1438 2398 quae
1458 2346 1499 2388 ex
1519 2331 1551 2389 vi
1579 2332 1646 2392 voti
1666 2327 1811 2391 obedien.

268 2426 362 2478 tem.
397 2408 644 2477 Perfcdiusenim
674 2405 812 2468 obediens
846 2422 908 2463 non
936 2400 1022 2483 debet
1060 2404 1113 2463 tiae
1140 2394 1272 2462 subditus
1298 2417 1440 2477 tenetur,
1468 2403 1583 2469 scilicet
1612 2407 1712 2469 adea
1740 2424 1810 2480 quae

268 2492 421 2569 differre,
450 2511 504 2555 nec
533 2484 724 2566 tergiversari
747 2528 755 2557 ,
782 2500 846 2543 non
869 2479 1024 2553 exeniati,
1061 2482 1156 2541 tacite
1176 2479 1225 2541 vel
1246 2478 1383 2554 exprelle
1398 2487 1593 2548 continentur
1622 2489 1654 2546 in
1675 2484 1811 2562 Regula,

268 2589 336 2635 non
362 2572 446 2636 lente
465 2589 538 2647 opus
562 2563 678 2646 aggredi
699 2610 707 2638 ,
735 2568 886 2652 praecipue
906 2556 1025 2650 quando
1060 2557 1111 2620 vel
1128 2574 1197 2630 quae
1214 2557 1250 2649 ad
1269 2563 1333 2649 eius
1351 2558 1507 2633 perfectam
1522 2561 1747 2628 observantiam
1766 2562 1812 2624 di·

264 2671 334 2715 non
365 2654 579 2726 praecipiuntur
611 2665 677 2720 quar
712 2640 822 2704 cedunt
852 2660 882 2698 in
916 2636 1023 2723 iubditi
1061 2634 1139 2698 reste
1162 2636 1210 2698 vel
1242 2636 1384 2701 indiredie
1409 2641 1653 2707 necellatial'unt
1680 2644 1729 2705 vel
1750 2643 1812 2704 uti·

265 2726 514 2793 commodum&
533 2727 677 2787 bonorem
697 2763 704 2796 ,
734 2741 801 2781 cum
819 2738 881 2779 non
905 2717 941 2777 lit
959 2713 1025 2775 lau·
1061 2715 1121 2792 lia,
1144 2717 1194 2776 vel
1216 2720 1455 2797 convenientia,
1469 2742 1537 2785 cum
1558 2740 1666 2787 vorum
1681 2742 1742 2783 non
1761 2719 1813 2782 ob·

265 2807 374 2868 debile
401 2806 580 2881 regulariter
608 2796 755 2872 loquendo
782 2801 826 2857 ita
853 2809 1025 2869 promptum
1062 2795 1134 2872 liget
1156 2792 1210 2857 nisi
1227 2798 1314 2858 iuxta
1335 2792 1460 2863 formam
1483 2822 1518 2865 ac
1533 2803 1736 2865 intentionem
1752 2818 1812 2862 vo·

265 2885 307 2948 ὃ(
332 2881 464 2944 alacrem
484 2887 514 2942 in
531 2881 576 2942 bis
591 2876 620 2940 le
636 2876 794 2938 exhibete.
815 2873 968 2947 Secunda,
990 2890 1024 2933 ut
1062 2877 1268 2950 ventis,quae
1291 2872 1451 2941 secundum
1478 2881 1544 2945 Reli
1566 2885 1669 2945 ionum
1706 2881 1810 2942 enium

218 2961 221 2976 ¹
261 2962 399 3025 obediat
423 2964 518 3023 etiam
549 2954 713 3020 vuluntate
738 2952 917 3029 exequendo
947 2950 1025 3026 quod
1061 2971 1095 3015 ac
1115 2953 1226 3032 liylum
1246 2972 1308 3017 non
1330 2961 1492 3030 requiritur
1507 2903 1661 3034 abl-tnta,
1699 2959 1734 3022 ed
1766 2956 1812 3020 le·

259 3058 462 3117 praeceptum
477 3029 533 3101 cll.
556 3036 736 3108 Tertia,ut
754 3031 789 3094 lit
806 3029 894 3095 fortis
912 3033 1024 3115 inope·
1060 3032 1190 3095 cundum
1210 3031 1378 3111 Regulam·
1410 3037 1439 3100 Si
1471 3057 1573 3104 autem
1592 3037 1739 3103 obicdium
1761 3034 1813 3098 seu

262 3136 305 3181 se
328 3134 481 3194 praecepto
501 3116 653 3190 implendo
675 3157 684 3188 ,
704 3133 739 3175 ac
759 3114 790 3172 iii
812 3112 867 3172 illo
886 3111 1026 3199 perleve·
1059 3115 1188 3175 materia
1212 3113 1394 3179 obedientiae
1414 3120 1582 3195 accipiatur
1603 3137 1693 3195 proiit
1712 3118 1815 3192 proxi·

266 3199 390 3272 tando,
410 3218 447 3260 ne
468 3196 506 3260 ob
527 3202 569 3257 rei
591 3188 805 3255 difficultatem
826 3188 863 3252 ab
886 3189 1026 3252 obedien·
1060 3212 1141 3253 mum
1158 3192 1190 3255 dt
1208 3190 1355 3269 formale,
1376 3195 1418 3259 eli
1440 3217 1622 3274 praeceptum
1642 3198 1812 3271 Superioris

266 3278 313 3341 do
336 3276 467 3338 reliliat.
488 3276 637 3351 Qiarta,
666 3271 744 3346 quod
759 3269 795 3334 sit
814 3270 932 3333 humilis
953 3314 962 3345 ,
991 3284 1025 3330 ut
1061 3272 1192 3334 iubentis
1214 3269 1265 3336 seu
1282 3281 1438 3352 vetantis,
1461 3279 1522 3340 line
1542 3297 1603 3351 quo
1623 3275 1686 3338 dari
1708 3276 1811 3348 nequit

267 3349 446 3435 Religiolus
477 3358 621 3416 iudicium
653 3356 738 3413 luum
765 3348 798 3414 dc
833 3350 1025 3412 voluntatem
1060 3351 1237 3414 obedientia
1253 3351 1386 3418 formalis
1401 3351 1813 3427 secundumspecificameius

267 3436 388 3498 iudicio
412 3437 444 3500 dt
466 3437 621 3496 voluntari
651 3431 815 3502 Superioris
847 3425 1025 3502 submittat,
1062 3433 1232 3493 rationein:
1252 3452 1322 3494 cum
1342 3438 1495 3497 motivum
1513 3433 1693 3496 obedientia
1716 3430 1751 3493 fit
1767 3425 1813 3493 la·

269 3533 312 3577 uc
335 3516 422 3589 plena
453 3518 544 3575 animi
571 3507 759 3572 lubmiiiione
785 3504 876 3570 faciat
903 3525 1026 3585 propter
1060 3528 1128 3572 cere
1158 3509 1269 3582 aliquid
1304 3529 1488 3588 preceptum
1521 3529 1669 3586 quatenus
1699 3528 1814 3586 praece·

218 3610 221 3617 “
267 3584 375 3657 Deum
392 3592 532 3668 quidquid
556 3592 703 3653 Praelatus
726 3588 866 3649 iulierit.
1063 3608 1165 3663 ptum3
1191 3589 1263 3650 licet
1285 3607 1387 3653 tamen
1407 3592 1587 3655 obedientiae
1614 3609 1722 3657 votum
1747 3608 1812 3651 nun

313 3670 362 3732 Ex
384 3676 444 3733 iam
464 3671 549 3732 ditiis
567 3664 723 3731 manifeste
739 3666 912 3742 colligitur,
933 3683 1027 3738 quan·
1061 3669 1175 3745 obliget
1196 3667 1232 3731 ad
1251 3668 1398 3733 obiedlum
1426 3672 1476 3735 leu
1495 3675 1649 3734 motivum
1671 3667 1812 3743 formale,

267 3762 343 3813 tum
363 3770 381 3812 a
407 3747 557 3826 Religioia
582 3748 754 3810 obedientia
782 3746 922 3808 aberrent
945 3743 1025 3805 Reli·
1062 3749 1134 3811 idest
1158 3746 1194 3809 ad
1216 3768 1405 3828 praeceptum
1426 3769 1515 3828 prout
1557 3767 1719 3827 raeceptum
1749 3745 1814 3823 est,

267 3827 345 3906 giuli
364 3831 428 3904 illi,
446 3831 459 3905 (
478 3828 627 3904 subiungit
646 3829 698 3887 liic
708 3828 737 3887 P.
757 3824 932 3913 Cuniliatue
949 3823 1025 3913 iqui
1061 3827 1108 3890 sed
1137 3823 1234 3889 solum
1264 3830 1298 3891 ad
1328 3831 1505 3906 materiale,
1530 3772 1582 3892 lbu
1608 3829 1644 3892 ad
1670 3828 1812 3904 piaecepri

218 3907 375 4049 *maffia
407 3927 543 3985 gerunt,
572 3925 606 3969 ut
634 3913 821 3967 immemores
847 3906 1025 3980 graviilimae
1061 3912 1295 3971 executionem.
1320 3909 1406 3975 Suar.
1436 3912 1517 3976 Lell'.
1544 3908 1689 3987 Garcias,
1718 3907 1810 3969 Lezz.

269 4003 308 4050 ac
357 3986 517 4050 rieiilsiniae
537 3985 597 4049 suae
614 3986 953 4059 obligationis,quam,
975 4001 1029 4055 per-
1061 3988 1181 4052 Pellizz.
1203 3985 1236 4052 dt
1258 3990 1327 4051 alii.

268 4063 407 4130 solemne
436 4066 618 4130 obedientiae
649 4081 760 4151 votum
783 4063 812 4126 le
842 4081 926 4126 totos
949 4060 1027 4125 arbi·
1100 4068 1172 4129 Dixi
1191 4068 1303 4132 directe
1321 4067 1372 4131 orl
1391 4067 1550 4146 indirrlle;
1580 4068 1651 4141 quia
1670 4064 1813 4139 Superior

269 4151 341 4209 trio
358 4147 529 4224 Superioris
547 4146 715 4224 Religionis
737 4141 935 4216 lubriciendO,
957 4162 1027 4204 con·
1063 4149 1226 4226 ppaecipere
1244 4146 1360 4223 potest,
1377 4167 1411 4212 ut
1423 4148 1509 4225 supra
1521 4146 1719 4218 notavimus,
1734 4142 1813 4218 quod

268 4241 458 4302 metunt,
481 4245 561 4290 nunt
585 4221 1028 4307 9¹0p1¹³mi¹¹0¹¹sui³erlori⁵
1061 4224 1184 4291 confert
1208 4226 1245 4289 ad
1274 4227 1402 4291 arcenda
1435 4242 1588 4303 peccata,
1615 4225 1651 4286 ad
1683 4223 1814 4289 vitanda

263 4306 469 4368 Voluntatem
490 4306 623 4380 prolequl
649 4306 885 4377 praelunientes,
907 4322 942 4363 ea
963 4322 1027 4363 mii·
1063 4306 1219 4382 scandala,
1248 4306 1284 4368 ad
1313 4306 1530 4379 impediendam
1552 4301 1815 4378 constitutionum

267 4388 323 4447 nia
346 4384 523 4449 constanter
545 4386 642 4447 {ubire
661 4383 814 4444 relullant
838 4428 846 4456 ,
876 4404 943 4457 quae
961 4382 1028 4459 iplis
1064 4387 1265 4450 violationem
1281 4407 1316 4449 ac
1337 4386 1493 4465 Regularis
1510 4381 1673 4458 discipline
1695 4383 1815 4446 relaxa·

269 4482 335 4525 non
360 4463 514 4538 placent,
542 4460 662 4528 tametsi
695 4481 781 4525 certo
811 4466 916 4525 norint
946 4464 1027 4524 velle
1062 4470 1197 4531 tionem·
1216 4467 1326 4527 idcirco
1342 4468 1378 4528 ad
1398 4466 1463 4531 haec
1484 4463 1691 4542 praelervrnda
1717 4455 1815 4535 potest

268 4542 468 4618 Superiorem
491 4562 527 4606 ut
546 4545 582 4607 ab
599 4541 664 4614 ipsis
678 4558 1028 4620 exercerentur,eaque
1063 4566 1161 4609 novas
1183 4512 1281 4608 lacere
1296 4546 1521 4621 ordinationes,
1543 4546 1614 4620 quia
1637 4543 1695 4605 liuc
1713 4556 1815 4601 totum

220 4674 222 4678 ,
264 4621 438 4687 dumtaxat
458 4622 562 4686 libenti
581 4625 682 4685 animo
699 4620 941 4699 ampledliintur,
963 4642 1027 4696 quae
1065 4626 1241 4690 virtualiter
1262 4623 1381 4702 respicit
1396 4623 1656 4689 conservationem
1672 4612 1814 4693 Religiofi

264 4720 384 4765 eorum
399 4705 520 4782 genio,
554 4700 711 4767 commodo
741 4721 775 4763 ac
803 4703 933 4764 utilitati
954 4720 1028 4763 tou-
1066 4705 1221 4784 lnllituti,
1252 4703 1418 4780 praelidium
1443 4724 1478 4768 ac
1499 4706 1643 4766 tutelam.
1674 4699 1755 4758 Hinc
1775 4712 1815 4753 ert

271 4799 403 4858 gruunt.
428 4785 528 4857 Quam
548 4832 556 4859 ,
585 4781 716 4858 amabo,
733 4779 959 4844 excolationem
978 4779 1029 4844 sibi
1065 4787 1110 4848 liis
1132 4804 1216 4859 patet
1229 4832 1237 4860 ,
1252 4785 1456 4849 obedientiam
1471 4805 1510 4847 ex
1528 4799 1612 4854 parte
1625 4774 1730 4840 obiedii
1749 4791 1817 4848 pro·

272 4857 440 4926 efformare
465 4862 586 4938 possunt
617 4862 645 4923 hi
677 4866 707 4923 in
728 4859 1030 4924 conicientiacoram
1065 4869 1138 4927 ximi
1160 4860 1342 4928 &formalis
1369 4867 1428 4929 elle
1454 4860 1657 4925 essentialiter
1687 4877 1721 4917 ac
1749 4852 1818 4914 sub·

273 4937 701 5018 Deo,cuiperobedienciar
722 4959 828 5004 votum
850 4943 962 5019 proprii
985 4961 1030 5003 ar·
1065 4946 1254 5007 llantialiter
1301 4944 1373 5007 idest
1404 4941 1566 5007 secundum
1591 4932 1752 5002 intrinseca
1771 4925 1819 4995 es·

273 5017 358 5083 bitrii
378 5021 599 5087 abdicationem
616 5023 817 5097 promilerunt
845 5021 881 5083 ad
898 5020 1030 5097 Religio·
1067 5023 1209 5088 lentialia
1229 5071 1238 5100 ,
1261 4993 1398 5087 bamdem
1427 5028 1458 5086 iu
1485 5016 1624 5083 omnibus
1651 5013 1821 5091 Religioni·

274 5100 308 5162 oi
327 5099 550 5182 obsequendum
569 5099 648 5175 &le
664 5099 847 5168 lubiiciendo
861 5101 1033 5179 Superiori·
1065 5105 1121 5178 bus
1136 5153 1147 5186 ,
1160 5104 1232 5169 dum
1248 5105 1280 5168 in
1296 5103 1435 5169 omnibus
1451 5114 1585 5168 voretur
1601 5092 1771 5162 obedientia
1781 5087 1825 5153 le·

317 5215 321 5220 -
1716 5190 1792 5238 cun·
