4584 5992
400 549 489 635 ,166
827 550 1505 637 seueritatis

364 649 403 719 ιιι
422 649 570 742 instillent
590 647 731 741 yulnut,
757 664 862 713 omtiet
889 646 959 713 sunt
979 648 1125 739 irregula·
1155 653 1325 730 principalia
1345 654 1498 724 membri:
1529 655 1618 727 Unde
1638 662 1669 727 ln
1689 663 1745 728 tali
1767 662 1838 732 casu
1856 688 1911 733 ne·

366 754 415 801 ter
431 754 498 809 cau.
520 732 689 819 significasti
711 727 758 792 ιι.
781 733 808 795 ι.
830 729 920 809 Quod
931 728 1011 821 ,ide
1031 729 1122 790 homi·
1154 731 1301 797 celsitatis
1321 753 1379 799 nec
1398 737 1507 801 medici
1537 759 1594 807 nec
1617 743 1747 823 chirurgi
1767 749 1913 825 irregula-

365 818 423 883 ti'd.
441 816 538 879 lmmo
553 820 671 878 etiamsi
698 812 797 898 plures
821 817 882 871 line
906 830 1022 881 ριιιιιο
1042 819 1120 896 deii·
1157 816 1284 875 ritatem
1302 815 1491 881 contrahunt
1514 843 1526 897 ,·
1556 821 1627 884 dum
1645 827 1674 886 in
1700 828 1754 887 tali
1771 829 1841 889 calu
1859 849 1912 903 po·

364 899 475 963 berito
498 895 625 968 animo,
655 891 688 954 dt
715 899 778 953 line
802 892 953 954 communi
979 887 1122 950 consensu
1157 894 1216 953 tint
1241 910 1418 971 exercent,
1446 918 1537 971 quani
1563 901 1677 966 laedant
1708 905 1913 969 charitatem.

364 976 550 1052 occidendi,
577 976 608 1034 iti
632 969 726 1033 subita
757 973 822 1032 riita
842 969 982 1030 eumdem
999 965 1120 1044 aggressi
1138 971 1387 1034 Mutilationem
1410 994 1483 1039 vero
1499 984 1650 1055 patientes
1666 981 1853 1062 ignoranter,
1873 1004 1922 1051 ut>

365 1054 501 1131 suerint,
523 1072 579 1116 nec
600 1049 780 1126 deprehendi
806 1045 925 1125 possit,
956 1068 972 1110 a
998 1067 1060 1121 quo
1080 1049 1122 1108 le·
1157 1054 1237 1125 pueri
1261 1050 1327 1112 lelli
1349 1055 1381 1112 in
1398 1050 1548 1136 infantia,
1568 1060 1686 1139 invite,
1703 1081 1737 1125 ut
1756 1064 1913 1136 violenter

365 1138 449 1203 thale
466 1135 581 1200 vulnus
602 1130 769 1214 prodierit,
788 1146 861 1190 tunc
880 1145 991 1200 pariter
1009 1146 1062 1199 pro
1079 1123 1121 1189 fo·
1156 1152 1173 1193 a
1190 1129 1359 1193 latronibus
1387 1132 1438 1195 vel
1455 1135 1595 1204 Barbaria
1612 1141 1745 1206 mutilati
1763 1190 1773 1221 ,
1807 1144 1857 1208 vel
1875 1145 1915 1210 ad

366 1239 401 1284 ro
420 1232 553 1280 externo
571 1227 675 1274 omnes
696 1209 770 1296 lunt.
785 1206 963 1295 irregulares
977 1227 1043 1280 cap.
1059 1203 1124 1294 'Ad
1136 1205 1143 1314 j
1155 1207 1336 1273 evitandum
1350 1217 1473 1288 gravius
1493 1218 1607 1284 malum
1626 1226 1761 1296 corporis
1782 1223 1818 1284 de
1838 1242 1914 1287 con·

365 1295 578 1366 dedititiam,
602 1290 635 1356 δι
655 1309 720 1362 cap.
738 1287 906 1376 significasti
932 1286 969 1348 dr
986 1284 1220 1366 homicid-,silio
1247 1288 1465 1370 Medicorum,
1501 1316 1561 1359 nori
1589 1296 1668 1362 fiunt
1702 1302 1911 1380 irregulares·

366 1377 457 1453 Quod
479 1373 499 1436 ii
524 1377 636 1436 letatur
658 1374 708 1444 qui
736 1372 822 1431 illum
840 1366 985 1454 occiderit
1007 1412 1015 1440 ,
1047 1385 1122 1428 tunc
1137 1372 1226 1478 ,quia
1245 1367 1340 1431 cellar
1360 1368 1408 1432 bic
1424 1376 1507 1438 ratio
1522 1378 1710 1443 ¹incurrendi
1736 1384 1795 1443 irre
1817 1349 1914 1445 olari:

332 1471 337 1478 '
365 1458 421 1526 illc
439 1457 518 1520 solut
538 1456 597 1516 erit
619 1448 791 1524 irregularia
807 1467 872 1534 cap.
889 1446 1053 1525 signficosii
1073 1444 1372 1540 18.'tate,m,1puta
1394 1450 1537 1523 perversa
1554 1458 1721 1537 voluntas,
1739 1460 1772 1526 dt
1790 1403 1913 1526 iavitia

368 1545 395 1606 ς.
416 1539 480 1600 Nos
500 1532 532 1596 t'ir
551 1528 679 1610 promiffo
702 1530 738 1591 de
760 1525 894 1590 homicid.
917 1526 1027 1588 ltidem
1046 1525 1122 1586 obli·
1156 1532 1187 1587 in
1213 1525 1338 1600 leiplum
1354 1549 1420 1605 cap.
1449 1532 1563 1610 siquis
1586 1560 1605 1597 a
1624 1539 1754 1605 Medicis
1773 1536 1840 1602 dill.
1865 1560 1912 1621 55.

365 1636 427 1700 gari
455 1615 491 1680 ad
513 1612 734 1691 impediendum
755 1607 978 1694 homicidium,
1006 1604 1039 1667 dt
1059 1623 1123 1666 tion
1155 1604 1189 1670 δι
1204 1625 1269 1680 cap.
1290 1620 1317 1685 3.
1338 1604 1372 1671 δι
1393 1628 1421 1685 5.
1439 1613 1477 1676 de
1490 1632 1601 1692 corpore
1617 1618 1715 1683 viriae

365 1698 584 1770 impedientes,
603 1713 673 1768 quia
694 1688 770 1751 tales
789 1685 948 1750 censentur
965 1684 1123 1747 moraliter
1196 1682 1243 1747 Ut
1270 1704 1373 1749 autem
1406 1708 1452 1754 res
1477 1698 1596 1758 meiioti
1622 1719 1681 1773 quo
1710 1696 1778 1762 lieri
1815 1695 1915 1776 potest

366 1779 523 1854 occidere,
547 1787 674 1852 peccant
694 1786 804 1858 contra
822 1763 987 1858 iustitiam,
1003 1784 1038 1827 ac
1056 1763 1123 1853 ideo
1156 1768 1245 1828 modo
1261 1765 1433 1831 illulltetur
1452 1780 1728 1852 ,operaepretium
1747 1774 1790 1840 est
1810 1798 1915 1855 expo·

365 1874 512 1923 tenentur
537 1860 631 1918 etiarn
657 1848 693 1912 ad
715 1843 940 1934 restitutionem
956 1866 1020 1918 cap.
1041 1847 1122 1908 sicut
1137 1887 1142 1932 ξ
1157 1863 1246 1920 nete,
1264 1842 1385 1919 quando
1406 1868 1446 1913 eit
1465 1850 1631 1921 homicidio
1648 1873 1771 1932 patrato
1787 1860 1820 1920 in
1843 1858 1916 1936 sui,

365 1941 396 2002 6.
430 1944 455 2003 ι.
478 1936 534 2001 llis
564 1932 654 1998 eliciti
676 1928 713 1992 de
741 1924 924 2012 bonicidto.
954 1923 1338 2016 Procuranrjsuorumque
1363 1930 1561 1995 necessariam
1581 1930 1803 2013 defensionem,
1839 1938 1909 2014 quit

365 2018 508 2083 abortum
530 2011 623 2079 soetut
644 2010 772 2073 animati
791 2009 893 2068 letuto
918 2002 1025 2068 effeau
1041 2051 1050 2077 ‚
1067 2001 1122 2092 ‚cil
1155 2022 1256 2067 evitet
1274 2004 1323 2066 vel
1340 2023 1403 2067 non
1418 2011 1700 2087 irregularitatem.
1718 2018 1763 2079 Sit
1781 2020 1895 2094 ipitur.

364 2096 539 2162 irreaularit
557 2114 621 2170 cap.
645 2088 725 2155 Sicut
743 2085 897 2150 literatum
916 2084 953 2149 de
968 2084 1102 2148 homicid.
1195 2083 1347 2146 Occiderit
1363 2083 1458 2150 alium
1477 2093 1515 2153 ad
1533 2095 1609 2157 vitae
1632 2095 1691 2160 luae
1709 2093 1912 2163 defensionem

406 2165 484 2239 C'um
501 2192 606 2240 autem
627 2169 769 2232 mutilare
799 2165 833 2231 dt
860 2167 999 2229 occidere
1026 2163 1122 2240 quoad
1136 2161 1142 2246 f
1155 2183 1225 2228 cum
1241 2165 1446 2230 moderamine
1462 2172 1625 2245 inculpata
1643 2176 1770 2254 tutelae,
1792 2197 1854 2239 non
1875 2174 1914 2240 sit

365 2258 580 2321 incurrendam
609 2249 864 2325 irregularitatem
894 2247 1120 2320 aequipareticur
1136 2242 1330 2320 'irregularia
1350 2242 1501 2312 clement.
1530 2251 1564 2315 δι’
1578 2250 1737 2332 furiosus,
1766 2255 1802 2318 de
1821 2253 1914 2318 bom.

253 2351 256 2356 ’
364 2358 403 2402 eit
423 2335 530 2398 Glnila
549 2337 578 2395 iri
596 2330 746 2393 Clement.
767 2326 801 2391 ιι
816 2321 950 2406 furiosus
976 2324 1013 2388 de
1031 2323 1119 2388 homi·
1136 2320 1232 2410 pricio
1244 2367 1253 2397 ,
1266 2320 1299 2385 dt
1318 2341 1358 2385 eit
1377 2346 1443 2400 cap.
1461 2328 1632 2412 Si'gnificassr'
1654 2333 1701 2395 ιι.
1725 2335 1773 2399 Ad
1795 2335 1915 2397 servan.

367 2417 425 2483 ciii.
444 2416 598 2480 voluntat.
620 2411 689 2473 liinc
710 2404 920 2482 quotation
949 2407 992 2469 all
1013 2406 1049 2469 de
1070 2426 1122 2469 oc·
1155 2401 1227 2466 ditm
1244 2418 1348 2494 autem
1373 2404 1428 2496 lioc
1455 2413 1649 2475 moderamen
1669 2417 1834 2491 inculpatae
1858 2433 1912 2477 tu·

366 2496 479 2563 cisione
501 2545 510 2575 ,
532 2487 762 2569 intelligendum
786 2485 951 2557 estetiam
972 2485 1009 2549 de
1030 2488 1123 2548 muti·
1156 2480 1228 2546 telae
1241 2498 1312 2566 tria
1330 2482 1516 2558 potissimum
1536 2494 1737 2566 requiruntur
1758 2542 1766 2569 ,
1795 2491 1912 2559 scilicet

367 2577 511 2641 latione.
543 2569 633 2634 Unde
658 2573 739 2632 circa
771 2564 999 2630 mutilationem
1029 2562 1122 2629 rellat
1155 2561 1277 2639 causa,
1298 2563 1422 2640 modus,
1441 2564 1636 2646 &tempus.
1656 2571 1759 2635 Primo
1786 2577 1915 2648 requiri·

366 2653 461 2721 solum
478 2654 659 2728 advertere,
679 2646 757 2723 quod
774 2664 809 2710 ιιι
824 2646 983 2735 mutilatio
999 2645 1122 2709 inducat
1157 2639 1346 2734 turtcaussa,
1366 2643 1438 2707 idell
1461 2646 1571 2712 iniusta
1596 2646 1714 2715 invasio
1738 2653 1914 2727 praecedent

368 2735 655 2814 irregularitatem,
687 2723 861 2791 netelleell
881 2730 1060 2802 utitatptr
1080 2723 1123 2788 se·
1156 2718 1367 2815 occisionem,
1399 2726 1448 2789 vel
1468 2728 1726 2807 mutilationem,
1755 2732 1805 2794 vel
1826 2751 1915 2797 certo

367 2820 586 2892 parationem,
613 2808 896 2875 &truncationem
920 2805 1044 2869 membri
1067 2803 1122 2870 ali·
1152 2797 1342 2880 imminens,
1363 2804 1471 2881 quiifi
1512 2811 1558 2872 uit
1579 2826 1652 2873 ante
1674 2810 1752 2875 lianc
1772 2810 1893 2874 occidat

366 2899 451 2961 cuius
468 2890 642 2970 principalia
662 2887 801 2952 habentia
828 2885 963 2950 officium
993 2884 1123 2962 peculia·
1158 2882 1209 2945 vel
1222 2883 1376 2961 mutilet,
1395 2905 1457 2951 non
1476 2829 1520 2954 eb
1541 2889 1617 2954 aliar
1632 2885 1676 2953 sui
1692 2886 1843 2966 defensio,
1862 2860 1916 2954 sed

367 2996 423 3053 re,
455 2968 681 3040 &dillinilum
697 2971 730 3028 in
755 2985 882 3045 corpore
897 2966 1058 3045 humano,
1088 2980 1122 3029 ut
1161 2960 1322 3042 aggreffio,
1345 2967 1467 3033 &tunc
1488 2990 1549 3036 non
1578 2970 1684 3035 evadit
1706 2970 1916 3050 irregularita-

366 3075 494 3126 manut,
518 3052 623 3129 pedet,
642 3048 783 3123 brachia,
803 3068 891 3111 nares
915 3095 924 3126 ,
958 3067 1045 3111 aurea
1060 3044 1121 3112 dcc.
1158 3060 1243 3124 tem,
1257 3046 1291 3109 dt
1308 3046 1373 3112 haec
1395 3048 1513 3115 invasio
1539 3051 1710 3128 precedens
1739 3053 1788 3118 vel
1816 3052 1916 3113 immi·

367 3157 433 3214 cap.
454 3130 560 3200 Clerici
573 3132 633 3196 vel
654 3126 820 3193 Munatii.
854 3128 970 3193 ideirco
990 3126 1123 3192 abscissio
1157 3142 1231 3187 nent
1251 3123 1340 3191 debet
1360 3128 1421 3191 elle
1437 3129 1564 3196 iniulla.
1587 3130 1677 3196 Unde
1700 3152 1754 3207 pro
1769 3127 1916 3195 defensio·

365 3216 477 3295 digiti,
495 3213 703 3297 cartilaginis,
721 3205 854 3276 excussio
872 3209 971 3272 dentit
993 3227 1054 3270 non
1075 3204 1121 3271 ιιι
1157 3222 1197 3265 ne
1220 3205 1296 3269 vitae
1317 3201 1386 3271 sua.
1399 3227 1462 3272 non
1485 3208 1584 3287 potell
1604 3214 1670 3287 quia
1687 3210 1748 3275 sine
1769 3209 1915 3289 irregula-

366 3297 486 3374 proprie
505 3292 663 3358 mutilatio
683 3288 832 3354 sufficient
860 3287 896 3353 ad
921 3285 1124 3377 inducendam
1138 3260 1143 3350 l
1158 3285 1253 3377 ritate
1274 3288 1415 3377 occidere
1437 3290 1619 3355 invadentes
1645 3289 1802 3356 ministros
1833 3288 1917 3353 iulii·

366 3377 644 3454 irregularitatem,
663 3367 759 3434 Glosl'.
786 3372 841 3432 ιιι.
869 3371 902 3431 in
918 3367 1068 3432 clement.
1091 3370 1122 3435 St
1138 3369 1143 3434 l
1159 3382 1231 3443 nae,
1251 3386 1321 3441 quia
1344 3366 1392 3429 isli
1409 3367 1484 3434 iulie
1504 3372 1656 3436 invadunt
1667 3418 1677 3450 ,
1696 3390 1730 3436 ut
1747 3395 1817 3436 cum
1834 3368 1917 3432 mul·

359 3452 496 3538 furiosus
512 3454 573 3520 dcc.
594 3448 776 3518 Abl'cindens
793 3467 897 3512 tamen
913 3450 1042 3527 digitum
1061 3450 1124 3524 pol·
1158 3448 1198 3508 tir
1216 3461 1302 3509 tenet
1320 3447 1452 3526 Ptrhing.
1470 3468 1499 3512 a.
1517 3451 1698 3527 Requiritur
1715 3453 1834 3515 debitus
1850 3469 1918 3514 mo·

257 3581 261 3588 -
365 3536 457 3599 licem
483 3535 532 3599 vel
554 3534 710 3611 indicem,
739 3547 844 3610 petere
867 3528 953 3593 debet
975 3525 1123 3604 dispensa·
1157 3523 1211 3587 dus
1231 3521 1440 3609 defensionis,
1461 3535 1709 3605 proportionatus
1730 3531 1845 3596 scilicet
1866 3526 1919 3592 os·

366 3617 484 3677 tionem
507 3613 546 3677 ad
565 3615 718 3677 cautelam
776 3626 812 3674 ut
830 3611 959 3673 vidimus
976 3627 1068 3672 antea
1084 3628 1123 3671 ex
1157 3602 1284 3668 fensioni
1305 3606 1338 3671 dt
1365 3606 1515 3672 invasioni
1541 3631 1550 3686 ;
1579 3613 1834 3687 neceslariamque
1862 3611 1920 3672 de-

365 3693 394 3755 S.
411 3694 596 3772 congregat.
630 3658 816 3768 Irregulares
848 3695 963 3763 pariter
984 3689 1123 3752 evadunt
1164 3681 1327 3748 sensionem
1349 3708 1409 3750 nnn
1431 3690 1581 3752 excedetis
1603 3710 1668 3767 cap·
1690 3698 1731 3756 tJt
1750 3686 1844 3769 samae
1868 3707 1917 3770 35.

366 3775 418 3849 qui
449 3780 478 3837 ιι
506 3766 583 3847 ipsos
609 3771 781 3843 mutilant,
813 3785 868 3831 aut
896 3766 1123 3831 mutilationem
1156 3760 1530 3855 defenera‘cxcotuitraii.
1553 3772 1706 3845 Quocirca
1727 3769 1843 3835 desellu
1861 3772 1919 3834 liu·

368 3853 432 3917 line
447 3848 524 3916 lulla
551 3849 653 3917 caelia
677 3865 841 3928 procurant
867 3864 922 3912 aur
940 3851 1123 3935 permittunt
1158 3845 1283 3906 iulmodi
1313 3848 1594 3924 promodtraticne
1613 3852 1747 3927 requisiti
1770 3854 1920 3929 irregula-

366 3934 399 3997 ιιι
415 3945 603 4008 quacumque
617 3929 660 3996 sui
676 3931 808 4004 corporis
826 3944 912 4003 parte
926 3945 990 4002 cap.
1008 3927 1039 3991 st
1056 3945 1124 4003 quis
1158 3926 1283 3987 ritatem
1310 3930 1440 3991 incurrit
1458 3976 1467 4006 ,
1495 3931 1547 4005 qui
1575 3928 1688 3994 baculo
1716 3931 1919 4011 aggresloreni
1930 3928 1938 3942 ”

364 4009 507 4091 abscidit,
525 4011 559 4077 dt
576 4031 641 4089 cap.
662 4009 692 4076 ii
713 4007 763 4089 qui
778 4004 812 4094 se
828 4004 893 4071 disi.
917 4026 963 4086 55.
985 4010 1030 4071 ita
1046 4006 1122 4069 uisi
1159 4023 1266 4096 potent
1284 4007 1454 4085 repellere,
1477 4014 1626 4087 pugione,
1645 4007 1715 4075 ense
1739 4059 1749 4091 ,
1779 4010 1829 4075 vel
1849 4011 1920 4074 aliia

364 4097 430 4167 quis
445 4098 543 4156 etiam
567 4111 607 4157 ex
630 4092 698 4160 zelo
721 4092 902 4174 indiscreto,
924 4108 953 4149 v.
970 4106 997 4165 g.
1021 4089 1125 4149 animo
1160 4104 1251 4148 armis
1271 4087 1397 4173 mutilat
1422 4087 1455 4153 dt
1486 4091 1628 4165 occidit3
1658 4091 1709 4153 val
1730 4094 1812 4167 qui,
1845 4090 1919 4161 dum

367 4171 487 4234 tedandi
510 4170 685 4250 libidinem,
708 4172 759 4235 vel
778 4170 913 4246 putando
932 4187 973 4231 eo
987 4166 1078 4230 modo
1094 4163 1123 4229 se
1160 4161 1257 4240 potesl
1279 4166 1308 4229 le
1328 4163 1446 4232 salvare
1469 4164 1631 4247 fugiendo,
1648 4170 1839 4247 clamando,
1862 4190 1919 4234 au·

366 4247 542 4328 obsequium
566 4253 708 4329 praellaie
727 4251 797 4314 Deo
816 4298 825 4326 ,
854 4244 984 4327 scipsum
1000 4244 1122 4310 mutila·
1159 4245 1270 4308 xillum
1287 4247 1498 4327 implorando,
1517 4267 1621 4314 tamen
1637 4253 1778 4327 occidit,-
1795 4253 1847 4325 qui
1868 4271 1923 4325 po·

367 4333 452 4394 verit
473 4330 524 4394 vel
541 4329 666 4398 callrari
692 4331 886 4408 permiserit,
922 4345 1033 4405 praeter
1050 4346 1120 4405 gra·
1156 4342 1225 4390 tent
1248 4322 1278 4388 se
1298 4325 1460 4391 defendere
1481 4334 1617 4409 pugnis,
1648 4330 1698 4397 vel
1725 4331 1792 4395 aliis
1813 4329 1924 4395 inslru·

369 4428 442 4472 vem
470 4410 590 4485 eulpam
621 4415 755 4476 incurret
787 4409 1047 4486 irregularitatem
1065 4408 1121 4470 cit.
1157 4408 1270 4469 mentia
1299 4406 1414 4472 leviter
1442 4403 1622 4476 ferientibus
1645 4406 1925 4488 iniullumaggies·

366 4509 429 4567 cap.
448 4489 476 4551 li
492 4490 588 4570 quise
607 4492 669 4553 dili.
692 4511 738 4575 55.
757 4489 791 4555 dt
806 4509 870 4563 cap.
889 4486 1077 4568 significauit
1091 4507 1120 4566 a„
1157 4479 1271 4563 sorem,
1294 4486 1391 4551 adhuc
1406 4488 1532 4554 mutilat
1549 4492 1601 4554 vel
1617 4492 1752 4557 occidit.
1773 4490 1923 4555 Commu·

364 4570 403 4632 de
421 4587 533 4647 corporo
552 4570 654 4637 vitiat.
675 4571 708 4635 dt
723 4574 781 4634 iioc
798 4569 897 4632 multo
912 4571 1007 4644 magia
1029 4567 1121 4631 intel·
1156 4569 1206 4629 nit
1219 4565 1263 4629 est
1282 4588 1351 4630 cnm
1367 4569 1418 4632 cit.
1440 4569 1572 4648 Pirliing.
1595 4586 1623 4650 3.
1642 4573 1818 4648 Requiritur
1840 4587 1925 4635 tem-

366 4650 444 4728 lige,
464 4648 485 4711 li
501 4646 530 4715 se
549 4649 672 4716 casirari
689 4647 856 4730 permiserit
875 4648 910 4713 ad
929 4667 1036 4710 vocem
1052 4665 1120 4709 mii·
1199 4665 1241 4721 ις
1271 4664 1306 4710 ut
1339 4646 1456 4713 scilicet
1483 4649 1594 4715 occisio
1623 4654 1672 4717 vei
1703 4651 1868 4716 mutilatio
1884 4646 1925 4718 ad

368 4729 460 4793 ticam
479 4727 745 4809 consecrandam,
776 4734 846 4805 quia
863 4747 935 4790 vere
956 4726 989 4791 dt
1011 4725 1123 4790 volun·
1170 4727 1200 4788 ni
1221 4721 1428 4791 defensionem
1455 4726 1587 4808 sittim,
1617 4732 1651 4798 dt
1682 4734 1712 4796 in
1738 4730 1925 4795 continenti

363 4823 377 4871 ι
401 4809 446 4872 ιιι
462 4806 523 4875 sine
539 4810 718 4876 neceffitate
735 4810 770 4874 ad
788 4806 831 4874 sui
848 4806 972 4871 membri
994 4806 1120 4869 mutila·
1154 4802 1212 4868 liat
1232 4853 1243 4884 ,
1280 4826 1342 4882 quo
1358 4810 1423 4882 quit
1438 4807 1579 4874 iniuslam
1601 4811 1816 4891 aggressionem
1842 4809 1938 4888 pati·'¹

290 4927 293 4932 ·
381 4890 481 4952 ionem
509 4896 694 4970 concurrit,
721 4889 755 4956 bt
781 4889 884 4955 nullut
914 4885 957 4949 ell
981 4885 1120 4949 dominus
1157 4902 1208 4950 tur
1223 4932 1232 4963 ,
1250 4881 1302 4950 seu
1315 4905 1402 4951 certo
1420 4892 1636 4956 imminentem
1651 4891 1827 4972 cognoscit,
1849 4891 1927 4967 quia

412 4967 566 5042 mbrorum
582 4969 734 5049 suorum,
761 4991 818 5034 nec
843 4972 874 5030 in
893 4987 1002 5031 eorum
1017 4963 1119 5030 abscis·
1155 4961 1235 5031 sieit
1262 4968 1462 5045 intervallo,
1492 4966 1648 5047 postquam
1677 4972 1829 5053 aggressor
1860 4974 1925 5034 iam

362 5039 444 5116 sibiie
464 5048 769 5133 consentirepotell,
790 5047 842 5113 nisi
858 5048 979 5125 quando
993 5049 1039 5140 ita
1055 5047 1121 5139 etti·
1155 5042 1256 5124 abiit,
1275 5064 1331 5141 aut
1353 5067 1474 5143 nocere
1486 5046 1526 5116 ἃ·
1540 5053 1661 5143 aggredi
1681 5053 1799 5117 destitit
1821 5099 1829 5129 ,
1859 5045 1923 5115 ces·

271 5165 275 5172 -
358 5141 413 5222 pat
443 5130 640 5204 meronie
663 5136 715 5210 ‘rui
737 5132 892 5214 comte,
912 5129 974 5197 tel·
993 5125 1121 5200 ιιιιιιιιιι
1153 5117 1376 5196 ιιιιι.ιιιιιιιι
1389 5146 1474 5196 arian
1503 5133 1672 5218 Ιιιιιιιιιιο,
1697 5135 1800 5201 illlum
1823 5131 1924 5226 adbuc

970 5247 983 5272 e
1800 5232 1886 5280 θαι·
