4584 5992
697 584 755 637 oe
782 560 976 635 Rtoutts
1008 557 1134 635 iuris
1165 563 1398 635 Cauourcr
1430 560 1533 633 Car.
1561 558 1617 633 11.
1712 628 1715 633 .
1821 582 1899 658 423

382 681 462 744 vat,
478 660 540 728 sine
558 659 809 738 interpellatione
825 657 1151 735 creditorisiusipsum
1185 657 1282 724 Iudex
1299 659 1382 723 ultra
1404 657 1513 722 limites
1529 659 1570 726 (5
1589 658 1756 740 potestatem
1775 656 1957 740 iurisdiiiin·
1975 713 1978 717 .

384 746 538 824 disponit,
559 741 593 806 ἃ
613 760 737 805 monere
753 735 912 818 censetur,
944 737 977 802 dt
994 735 1037 803 est
1055 760 1149 815 quan·
1185 741 1232 803 nis
1246 736 1301 818 fibi
1317 738 1473 829 contria,
1500 739 1554 802 ves
1571 750 1670 804 contra
1684 736 1887 829 prescriptam
1905 739 1952 805 itt·

384 826 426 889 do
447 821 666 889 contrahentes
695 818 870 899 statuunt,
903 819 956 882 seu
986 816 1149 900 praefigunt
1186 820 1229 883 rit
1244 816 1481 899 formantem,
1499 821 1621 885 nussum
1641 816 1681 884 <7
1702 819 1876 884 inualidum
1894 813 1950 961 esst

384 906 627 969 determinatum
647 917 766 978 tempus
791 920 846 976 pto
872 896 1057 976 solutione,
1089 920 1149 977 quo
1185 902 1259 975 quia
1277 900 1324 961 vis
1344 915 1434 976 tora,
1455 921 1491 963 ac
1512 901 1598 964 valor
1617 919 1747 977 eorum,
1776 917 1883 976 quara
1919 921 1954 966 u·
2061 980 2063 983 .

384 984 488 1061 elaplo
506 980 624 1046 debitor
644 980 687 1043 est
706 984 737 1042 in
757 978 900 1053 culpabili
923 999 1009 1042 mota
1030 981 1065 1045 L.
1085 1001 1148 1044 ma·
1185 975 1375 1054 dicefiu-nt,
1402 977 1551 1044 fundatur
1574 982 1606 1042 in
1633 975 1783 1055 potestate
1814 978 1952 1060 publica,
2060 1002 2066 1017 ·

330 1062 334 1068 ’
379 1083 474 1148 gnum
497 1079 543 1126 ra.
565 1082 632 1138 cap.
654 1058 833 1124 decontralr.
849 1056 947 1141 stipes.
969 1057 1078 1123 Sensus
1096 1080 1136 1125 ve
1184 1052 1437 1122 &iurisdidiione
1459 1055 1617 1136 iniciata,
1637 1079 1672 1124 ac
1693 1054 1887 1138 praescripta&
1909 1057 1954 1121 id·
2050 1127 2053 1129 ,

385 1167 437 1209 rus
469 1143 554 1205 huius
572 1140 698 1217 Regula.
725 1138 795 1203 eli:
826 1138 951 1221 Quando
971 1139 1100 1215 debitor,
1117 1138 1152 1201 id
1186 1140 1270 1202 circo
1290 1136 1340 1201 ubi
1365 1138 1421 1204 hoc
1440 1137 1673 1203 fundamentum
1702 1136 1833 1217 deficit,
1863 1140 1953 1205 valo·

384 1223 463 1306 quod
476 1219 580 1297 debet,
601 1233 726 1298 tempore
745 1218 841 1283 desito
857 1240 914 1282 non
927 1221 1067 1297 prestat,
1087 1240 1148 1281 nno·
1186 1238 1250 1281 rem
1265 1237 1384 1294 quoque
1401 1217 1439 1283 ab
1462 1238 1500 1281 eo
1528 1217 1659 1282 adlorum
1682 1217 1813 1282 delicere
1832 1217 1954 1284 necesse

380 1326 417 1370 ra
437 1304 488 1385 lpss
506 1322 565 1365 non
585 1299 741 1371 creditori,
765 1301 802 1376 est
824 1297 928 1363 nociva
946 1348 954 1376 ‚
967 1298 1086 1390 fiores
1101 1298 1151 1362 ho·
1184 1296 1253 1360 est.
1286 1295 1407 1363 Barbos.
1431 1319 1503 1363 curo
1517 1296 1624 1363 Glolla
1644 1301 1848 1365 communiter
1868 1316 1953 1365 tece-

380 1384 464 1449 mint
480 1380 623 1448 creditore
646 1378 812 1457 uidelicet,
839 1380 903 1457 five
924 1402 943 1441 a
960 1399 1024 1442 rure
1038 1380 1150 1461 statuta
1186 1396 1257 1452 pta.
1998 1446 2002 1461 ,
2048 1412 2053 1443 z

376 1464 432 1530 'die
441 1461 541 1543 fuerit
561 1460 761 1539 interpellatus
778 1480 788 1536 ;
817 1456 861 1521 ita
876 1461 968 1522 etad
984 1458 1081 1523 omnia
1096 1460 1149 1521 da·
1226 1456 1343 1533 Regula
1358 1455 1426 1534 ltaee
1441 1455 1507 1521 suas
1523 1456 1614 1522 habet
1631 1458 1849 1535 exceptionest
1874 1476 1900 1519 1.
1918 1458 1953 1521 ln

380 1564 453 1611 mna
474 1543 515 1608 (5
540 1536 720 1607 incommoda
748 1536 861 1615 ratione
883 1538 1086 1619 moraesetuta
1105 1560 1147 1603 re·
1185 1534 1244 1597 illis
1274 1536 1508 1614 spiritualibus,
1536 1558 1603 1614 quae
1643 1540 1776 1623 pendent
1808 1543 1952 1613 potiora

374 1622 532 1706 sarcienda
549 1632 704 1685 teneatur.
735 1619 776 1684 Et
804 1617 862 1697 lior
879 1618 1012 1697 pluribus
1033 1619 1147 1685 iuribus
1185 1614 1336 1701 potestate
1351 1616 1495 1692 Ordinis,
1516 1638 1607 1693 quam
1624 1616 1852 1682 iurisditiiunis:
1877 1615 1952 1694 Epi·-

379 1704 560 1777 comptobat
579 1696 735 1765 Reiffensi.
842 1717 843 1721 ¹
1184 1695 1291 1772 scopus
1320 1699 1403 1760 enirn
1422 1695 1601 1762 consecrans
1632 1700 1764 1763 alienam
1784 1697 1952 1763 Ecclesiam

423 1782 515 1848 Fallit
544 1797 569 1841 r.
592 1781 657 1845 hanc
679 1777 803 1859 Regula
817 1778 850 1839 in
870 1793 936 1852 eo,
963 1778 1044 1854 quod
1063 1799 1147 1843 mora
1184 1776 1235 1838 vel
1253 1775 1355 1839 altare
1379 1824 1389 1854 ,
1415 1793 1471 1840 aut
1492 1777 1634 1842 ordinans
1650 1778 1783 1858 alienum
1797 1774 1952 1843 subditum

379 1885 445 1929 non
472 1877 594 1925 tanturn
627 1860 679 1938 ipsi
708 1852 854 1934 moroso,
885 1853 934 1919 sed
962 1861 1058 1925 eriam
1080 1859 1147 1925 aliis
1182 1854 1391 1920 etiaminscio
1411 1857 1461 1922 vel
1479 1858 1583 1923 invito
1601 1855 1654 1924 suo
1672 1852 1837 1937 Episcopot
1869 1853 1950 1924 vali·

379 1945 492 2008 nociva
520 1938 580 2018 stt3
600 1939 633 2004 dt
654 1939 775 2017 quidem
793 1959 818 1999 1.
837 1940 868 1999 in
885 1934 1056 2003 fideiussore
1072 1986 1081 2016 ,
1100 1958 1146 2003 ut·
1182 1935 1219 1998 de
1235 1952 1340 1999 tamen
1355 1935 1513 2001 consecrat
1527 1984 1535 2014 ,
1550 1936 1585 2003 dt
1598 1938 1738 2004 ordinat.
1759 1905 1863 2001 Glotsr
1879 1936 1951 2001 hic:

377 2041 455 2104 pore
471 2022 518 2084 cui
541 2038 650 2083 noceat
671 2037 755 2083 mota
784 2020 815 2081 in
841 2015 990 2081 solvendo
1017 2018 1145 2083 etislen·
1182 2032 1210 2074 2.
1231 2013 1265 2077 ln
1287 2016 1326 2077 iis
1343 2037 1410 2091 quae
1427 2013 1496 2081 sunt
1513 2019 1702 2084 voluntaria,
1719 2011 1950 2083 iurisdietionis:

377 2108 419 2169 ris
443 2099 588 2165 debitoris
617 2098 794 2177 principalis
826 2096 863 2163 L.
892 2099 1008 2175 Merop
1046 2102 1144 2164 itaut
1182 2093 1220 2156 stc
1240 2097 1325 2158 enim
1342 2093 1505 2174 Episcopus
1523 2101 1618 2161 etiarn
1637 2114 1728 2162 extra
1752 2101 1950 2162 territorium

376 2197 526 2248 teneatur
542 2178 693 2242 fideiussor
710 2178 745 2243 ad
755 2176 901 2240 damnum
916 2197 1026 2257 omne,
1045 2178 1079 2244 dt
1096 2180 1144 2242 in·
1182 2173 1266 2238 suum
1282 2173 1413 2240 exiliens
1429 2174 1526 2254 potest
1542 2173 1680 2242 conferre
1700 2176 1856 2243 Beneficia
1878 2200 1887 2242 ε
1917 2190 1968 2258 3.·

376 2260 487 2327 teresse
509 2306 519 2335 ,
551 2259 658 2321 saltem
679 2257 699 2319 st
721 2260 751 2319 in
768 2277 891 2320 omnem
909 2256 1011 2322 casuro
1032 2264 1143 2332 prorni-
1181 2253 1218 2317 ln
1236 2253 1383 2333 Episcopo
1403 2255 1510 2321 iniuste
1530 2255 1656 2335 expulso
1676 2278 1694 2321 a
1711 2252 1764 2321 sua
1785 2258 1928 2322 Ciuitate

374 2342 413 2407 fit
435 2340 470 2404 L,
504 2340 615 2420 Qum
634 2360 680 2418 54
704 2337 735 2400 fl.
758 2338 842 2402 toras.
871 2336 1001 2417 cpndnei
1019 2338 1144 2414 Dicitur
1179 2334 1308 2399 &Sede
1332 2331 1531 2415 Episcopali,·
1562 2339 1634 2401 ralis
1653 2341 1735 2399 enim
1761 2358 1800 2402 ex
1825 2337 1949 2414 speciali

374 2438 527 2486 notanter
548 2467 556 2494 ‚
581 2417 689 2505 saltent
708 2417 782 2498 stin
801 2417 916 2512 impetn
931 2406 1031 2497 tadum
1044 2414 1080 2497 se
1096 2418 1143 2484 ob·
1178 2411 1372 2489 dispositione
1387 2417 1463 2480 iuris
1483 2419 1515 2478 in
1533 2420 1637 2481 vicino
1658 2413 1838 2496 Episcopatu
1859 2414 1950 2494 inrisa

375 2501 488 2582 tr'gavit
503 2521 516 2576 ;
548 2499 620 2562 alias
641 2500 788 2563 lullinenr
808 2499 902 2575 aliqui
921 2517 991 2562 cum
1011 2496 1143 2565 Barbula
1178 2494 1342 2559 diilionern
1362 2492 1447 2561 suam
1465 2515 1607 2561 exercere
1628 2496 1725 2574 potest
1738 2542 1755 2577 .·
1788 2496 1946 2564 Clement·
2000 2507 2003 2519 '

376 2603 439 2646 non
456 2580 556 2644 teneri
577 2579 633 2641 nist
651 2583 688 2643 ad
708 2576 845 2642 debiturn
860 2578 1042 2655 principale.
1179 2577 1270 2638 unic.
1284 2571 1396 2653 defore
1413 2575 1604 2654 competenti.

418 2660 513 2725 Fallit
531 2677 560 2719 a.
583 2662 614 2721 in
638 2656 709 2722 casu
735 2678 798 2732 quo
815 2659 876 2719 duo
896 2654 969 2719 socii
989 2654 1047 2718 sint
1067 2657 1142 2721 obli·
1185 2731 1192 2743 ·
1217 2655 1337 2744 lietola
1358 2674 1405 2735 27.
1423 2655 1539 2721 scienti
1562 2653 1810 2737 &consentienti
1828 2679 1886 2722 non
1904 2658 1945 2737 fit

373 2745 455 2821 gati:
494 2737 545 2801 ubi
564 2757 651 2818 rnora
670 2740 759 2799 unius
780 2755 870 2799 nocet
888 2736 980 2799 alteri
1003 2734 1084 2801 socio
1104 2738 1141 2803 1„
1178 2753 1307 2813 iniuria,
1326 2753 1383 2799 nec
1400 2737 1510 2800 dolus.
1543 2734 1801 2803 concordarint
1822 2738 1949 2817 Regula

373 2787 491 2895 penult.
515 2812 547 2879 ff.
579 2817 615 2880 de
644 2814 755 2880 duoles
778 2814 834 2876 reis
854 2837 864 2888 ‚·
892 2818 962 2889 quia
989 2811 1141 2883 sociorum
1178 2813 1305 2895 Regula
1323 2818 1400 2880 iuris
1417 2817 1522 2880 civilis
1545 2815 1610 2879 rat.
1632 2816 1751 2896 Regula
1767 2817 1834 2883 lraec
1851 2818 1948 2882 intel·

372 2898 546 2962 communis
571 2894 675 2962 caussa
705 2893 856 2962 commodi
887 2894 921 2959 dt
954 2896 1140 2966 incommodi
1177 2895 1296 2975 ligenda
1311 2894 1355 2960 esi
1371 2897 1548 2974 copulative
1567 2944 1576 2974 ‚
1595 2917 1659 2963 non
1679 2894 1880 2978 distundive,·
1898 2899 1945 2964 ita
1981 2920 1983 2922 ’

373 2995 393 3040 e
429 3019 438 3038 .
554 3024 556 3027 -
1176 2974 1495 3055 utcontunttrmquts
1517 2973 1622 3058 sciat,
1646 2975 1794 3055 simulque
1817 2976 1945 3044 consen-

360 3086 363 3091 ·
415 3052 510 3121 Fallit
528 3066 557 3133 3.
577 3052 677 3134 quoad
698 3050 844 3119 adionem
859 3055 896 3120 de
916 3056 1038 3132 peculio.
1056 3103 1067 3136 ‚
1086 3057 1138 3121 ubi
1176 3059 1237 3120 tiat
1258 3104 1268 3133 ,
1294 3054 1329 3122 dt
1349 3057 1471 3135 quidem
1490 3057 1610 3133 libere,
1639 3079 1701 3123 non
1724 3062 1758 3122 ni
1785 3076 1839 3124 aut
1856 3076 1947 3122 metu

371 3154 459 3200 mora
482 3136 539 3200 filii
566 3138 645 3212 patri
665 3154 756 3199 nocet
792 3138 829 3198 1.
848 3155 916 3200 rum
929 3137 1017 3215 filius
1042 3134 1138 3218 inff-
1173 3135 1324 3212 coaslus3
1353 3137 1449 3214 sitque
1468 3134 1630 3203 consensus
1659 3142 1690 3200 in
1713 3138 1773 3218 id,
1803 3141 1837 3201 in
1861 3134 1945 3215 quod

371 3214 410 3277 de
428 3216 465 3277 V.
490 3218 538 3279 0.·
554 3220 644 3285 Licet
666 3214 752 3279 hasce
777 3232 841 3278 tres
866 3220 1063 3292 exceptiones
1083 3237 1139 3281 ne·
1173 3219 1240 3293 quis
1258 3216 1434 3283 consentire
1446 3215 1566 3296 potest,
1585 3217 1637 3281 seu
1653 3219 1690 3282 de
1709 3222 1777 3283 iure
1793 3237 1855 3282 non
1877 3235 1945 3293 pro·

369 3311 445 3374 gent
467 3298 555 3373 aliqui
573 3296 633 3363 elle
650 3314 723 3360 vere
744 3296 850 3372 tales,
876 3299 946 3371 quia
968 3295 1049 3359 lilius
1068 3318 1138 3361 curn
1172 3295 1318 3363 hibetur.
1339 3298 1447 3361 Sensus
1468 3302 1604 3375 proprius
1620 3298 1748 3373 Regulae
1769 3295 1814 3361 esl
1833 3344 1841 3373 ,
1861 3294 1944 3372 quod

393 3393 460 3445 atre
480 3425 489 3453 ,
518 3376 674 3443 fideiussor
703 3396 773 3436 cum
803 3375 961 3449 principali
982 3375 1142 3455 debitore,
1172 3376 1201 3441 ei
1214 3377 1266 3455 qui
1280 3376 1399 3456 aliquid
1408 3375 1589 3459 sufficienter
1604 3376 1746 3456 intelligit
1768 3425 1777 3452 ,
1796 3376 1833 3439 (⁹
1852 3375 1886 3440 in
1904 3373 1947 3439 is·'

384 3456 466 3519 ocius
484 3479 553 3522 cum
568 3457 651 3522 socio
668 3457 699 3515 in
716 3452 882 3523 huiusmodi
898 3452 1037 3532 casibus,
1059 3455 1138 3523 idem
1171 3456 1345 3534 tud,nutta
1367 3457 1404 3521 oi
1424 3460 1546 3521 nullove
1577 3467 1659 3520 metu
1682 3461 1825 3536 tondat,
1851 3451 1941 3522 sisere

368 3531 491 3600 fissione
508 3541 582 3603 iuris
602 3535 662 3600 esse
684 3534 814 3597 volunt.
1171 3535 1311 3617 consentit
1331 3584 1341 3615 ,
1368 3536 1574 3613 meinimis,
1599 3554 1653 3601 net
1664 3536 1749 3603 dotus
1760 3540 1832 3616 fieti
1847 3535 1943 3615 tense·

409 3615 528 3695 Regula
549 3621 597 3681 26.
618 3619 663 3679 Ea
679 3621 721 3692 qu*
760 3614 843 3692 finnt
862 3612 1004 3678 uindice
1023 3663 1032 3692 ,
1054 3614 1140 3697 fiad
1171 3628 1240 3694 tur;
1261 3620 1332 3693 quia
1351 3616 1453 3683 nullus
1470 3620 1616 3683 iniuriam
1632 3621 1774 3697 patitur,
1792 3620 1879 3683 cuius
1894 3622 1942 3683 ius

366 3690 435 3758 eius
456 3715 514 3761 ‘eron
538 3698 673 3779 speciant
697 3716 714 3763 o
744 3692 848 3769 cium,
877 3715 934 3756 non
956 3691 1134 3777 subsistent.
1173 3716 1238 3763 non
1259 3698 1426 3775 violatur,
1455 3692 1541 3762 sicuti
1560 3693 1603 3760 est
1625 3695 1677 3760 ille
1694 3698 1747 3775 qui
1763 3691 1943 3764 scienter&

365 3768 527 3842 Consonat
549 3782 614 3842 haec
632 3776 756 3853 Regulae
774 3776 848 3837 iuris
867 3773 968 3837 civilis
989 3795 1003 3836 1
1030 3793 1060 3840 a.
1079 3777 1135 3840 Per
1172 3774 1263 3840 libere
1278 3774 1435 3842 consentit
1453 3826 1463 3855 ‚
1483 3798 1554 3841 curn
1569 3777 1628 3841 iuri
1648 3773 1728 3854 suo,
1756 3778 1839 3856 quod
1860 3782 1891 3841 in
1908 3796 1941 3841 re

366 3852 506 3919 officium
522 3858 629 3922 iudicis
648 3858 698 3920 liic
720 3854 904 3932 intelligitur
919 3790 1071 3931 potelius,
1091 3859 1136 3920 iu·
1171 3856 1272 3934 aliqua
1289 3856 1379 3921 habet
1398 3905 1408 3937 ‚
1427 3855 1647 3922 consentiendo
1666 3861 1698 3920 in
1719 3859 1792 3923 illud
1812 3878 1872 3933 quo
1894 3876 1941 3923 ta·

369 3934 498 4001 risditiio
516 3957 534 4001 a
554 3940 650 4013 see,
679 3953 855 4012 acanone,
886 3932 938 3997 vel
960 3934 997 3998 ab
1013 3936 1135 4000 homine
1170 3936 1198 3999 le
1223 3938 1324 4000 eidem
1348 3942 1394 4002 ius
1423 3939 1586 4016 violatur,
1613 3934 1724 4002 cedere
1757 3937 1938 4002 censeatur.
2048 4015 2057 4033 .

370 4012 466 4079 ludici
483 4009 505 4081 'c
608 4018 626 4081 'a
646 4016 681 4079 ad
698 4015 798 4078 debite
817 4063 827 4092 ,
856 4012 890 4079 dt
911 4012 1044 4092 legitime
1060 4038 1134 4082 exa·
1168 4013 1260 4081 Unde
1275 4014 1496 4083 universaliter
1512 4015 1682 4093 loquendo,
1700 4019 1752 4093 qui
1766 4022 1870 4082 utitur
1887 4017 1941 4081 vel

367 4097 548 4173 minandas,
566 4096 771 4171 expediendas
791 4091 905 4181 causias
928 4141 937 4169 ,
956 4095 990 4160 dt
1012 4099 1135 4176 negotia
1170 4095 1284 4162 fruitur
1305 4098 1370 4161 iure
1387 4098 1512 4161 alterius
1527 4095 1604 4160 bene
1621 4092 1771 4174 scientis,
1792 4094 1826 4162 dt
1845 4095 1941 4166 libere

365 4173 408 4255 ad
425 4172 508 4240 suam
523 4177 706 4254 potestatem
730 4174 764 4239 ὃ(
782 4172 1013 4239 iurisdietionem
1036 4182 1127 4247 perri·
1169 4174 1411 4256 consentientis,
1433 4178 1596 4252 iniuriam,
1614 4192 1715 4253 neque
1729 4178 1834 4244 dolum
1847 4180 1877 4244 ei
1894 4173 1941 4244 sa·

361 4260 499 4332 nentia3
519 4278 556 4321 ac
575 4255 702 4334 proinde
724 4252 818 4319 ludex
845 4254 923 4330 quod
945 4255 982 4319 ad
998 4254 1135 4322 officium
1168 4259 1232 4322 cit.

360 4353 433 4397 non
459 4337 571 4412 spedat
610 4354 699 4414 agere
729 4334 870 4413 dicitur,
897 4334 1016 4409 quando
1035 4338 1133 4403 trans·
1208 4336 1327 4418 Regula
1350 4337 1418 4404 hac
1445 4334 1531 4402 fallit
1569 4336 1601 4398 in
1624 4334 1766 4403 omnibus
1792 4341 1829 4404 iis
1846 4387 1856 4418 ,
1886 4331 1947 4413 ubi¹
2049 4371 2054 4380 x

323 4482 325 4485 ,
362 4411 507 4496 [greditur
524 4418 636 4480 limites
653 4415 705 4479 sibi
722 4413 872 4498 concessae
891 4414 1049 4492 poteslatis
1072 4466 1080 4492 .
1100 4416 1134 4483 dt
1169 4417 1295 4480 aliunde
1313 4418 1390 4482 adsit
1411 4416 1576 4493 prohibitio
1591 4413 1795 4492 praesetrima
1815 4423 1880 4484 iure
1894 4418 1942 4481 di·¹

367 4494 606 4573 iurisdidlionis,
640 4492 759 4558 stve‘id
784 4496 877 4560 saciat
907 4497 988 4559 circa
1018 4516 1080 4560 rem
1100 4498 1133 4563 ἃ
1169 4503 1275 4574 vino,
1305 4497 1339 4563 dt
1360 4499 1523 4576 naturali,
1550 4496 1697 4562 utestin
1719 4496 1938 4575 usuris,licet

366 4575 503 4639 caussam
525 4573 577 4640 sub
595 4572 746 4652 poteslatc
770 4576 831 4654 ,dt
848 4572 1049 4643 iurisdisiione
1070 4598 1133 4641 non
1167 4582 1374 4644 mutuatarius
1396 4582 1427 4639 in
1444 4575 1511 4641 illas
1530 4572 1727 4654 consentiat,
1746 4598 1785 4644 eo
1804 4578 1855 4643 vel
1874 4596 1940 4640 ma·

365 4655 641 4735 comprehensam,
666 4652 732 4721 fite
760 4658 842 4721 circa
866 4651 1024 4730 personam
1047 4658 1133 4722 illius
1170 4661 1251 4721 xime
1270 4657 1350 4735 quod
1369 4657 1461 4725 huius
1480 4654 1638 4724 consensus
1657 4656 1694 4721 sit
1716 4657 1941 4733 quodammodo

365 4736 560 4801 iurisdilltoni
575 4758 640 4802 non
661 4734 840 4814 sobieslaus,
856 4734 924 4800 sive
938 4754 1028 4804 extra
1046 4742 1134 4802 terri·
1169 4735 1306 4816 cordius,
1325 4741 1395 4815 quia
1415 4756 1580 4817 mutuum,
1601 4757 1662 4813 quo
1683 4738 1824 4817 indiget,
1847 4737 1942 4803 aliter
1996 4818 1998 4820 ι

355 4819 485 4880 terium
505 4816 693 4883 iurisdidioni
713 4814 1136 4893 tuaepraefixrmssvecoo
1169 4818 1308 4886 obtinere
1325 4822 1450 4895 nequit.
1483 4818 1625 4896 Idemque
1646 4818 1743 4881 dicito
1762 4816 1799 4880 de
1818 4817 1939 4882 adulte·

364 4912 418 4959 tra
439 4899 644 4974 praescriptam
670 4895 800 4959 scisuram
826 4897 858 4962 dr
877 4894 1021 4961 ord-inem
1041 4899 1132 4961 iuris.
1170 4901 1234 4976 rio,
1251 4898 1415 4974 quodcum
1432 4899 1620 4964 iuredivino
1638 4896 1940 4977 vetitumsrtj'con·

364 4975 449 5051 Quae
467 4983 590 5055 omnia,
610 4978 631 5039 ss
648 4976 725 5043 siant
746 4999 763 5039 a
786 4977 886 5042 iudice
896 5003 907 5051 ·,
924 4978 1015 5040 iuxta
1036 4978 1134 5056 Regu·
1168 4976 1271 5041 sensus
1292 4981 1329 5045 ad
1352 4978 1381 5042 id
1403 5028 1412 5056 ,
1433 4982 1505 5047 licet
1524 4976 1660 5040 scienter
1679 4975 1712 5040 dt
1734 4978 1830 5044 libere
1851 4978 1943 5042 datus

365 5056 457 5136 tamt,
483 5061 570 5122 nulla
590 5059 624 5122 dr
647 5059 783 5122 invalida
801 5056 900 5121 sunt.
933 5055 1049 5120 ldcirco
1069 5057 1133 5119 sen·
1170 5059 1208 5123 ab
1226 5059 1325 5124 altero
1341 5067 1472 5139 coniuge
1486 5057 1697 5133 adulteranti,
1714 5079 1776 5122 non
1791 5056 1921 5124 excusat

361 5134 415 5238 sus
432 5141 571 5219 proprius
588 5139 719 5219 uegotae
734 5136 780 5203 esl
799 5138 848 5210 lrir
866 5161 876 5201 a
895 5136 989 5230 sintne
1007 5137 1042 5205 id
1057 5139 1135 5218 qued
1168 5143 1247 5217 quin
1266 5160 1374 5208 coram
1395 5140 1495 5218 Deo,
1518 5135 1768 5283 &dominibus
1809 5138 1948 5231 adrrltet’

867 5450 870 5453 ’
963 5449 974 5505 l
