4584 5992
703 548 771 605 pe
807 526 992 600 Scato
1029 521 1338 608 Ratreioso
1374 532 1493 608 Car.
1521 534 1607 613 111.

399 635 482 704 Exiit
501 635 527 699 5.
548 630 584 697 de
601 627 716 696 veihon
741 627 890 707 figni'ficai.
914 628 947 715 ¹iri
968 626 997 686 6.
1023 630 1053 716 §.¹
1068 625 1152 718 dciii·
1191 624 1243 691 sub
1265 648 1451 721 quocumque
1475 654 1654 718 praetextu,
1681 639 1778 707 etiam
1802 646 1956 721 licentia»

351 736 472 800 sque,
492 715 540 782 ubi
559 715 680 788 loquens
704 711 740 772 de
756 705 946 794 Monasleriis
967 703 1152 769 Monialium
1188 727 1273 780 rum,
1293 729 1325 770 iri
1343 710 1755 797 consummantium,
1775 726 1828 789 nisi
1845 750 1939 803 quan.

398 802 503 864 dicit:
535 792 663 858 Nomine
689 790 856 860 Monaderii
875 784 1027 873 'volemus
1048 787 1148 874 βίαι,-
1186 786 1225 850 do
1240 785 1313 850 adsit
1333 790 1411 854 iusla
1439 793 1597 862 necessitas
1623 799 1672 862 vel
1703 803 1860 870 Pontificis
1883 804 1941 872 dis·

391 881 508 964 strum,
528 878 643 946 domos,
663 870 703 935 ss·
724 870 847 948 officinas
867 876 1021 928 interiores
1041 866 1150 955 intelli·
1187 863 1349 941 pensatio.
1379 870 1471 934 Nunc
1492 894 1567 938 vcro
1586 898 1649 941 non
1668 882 1795 955 amplius
1817 887 1846 946 id
1871 908 1939 963 per.

394 962 444 1041 gi'.
468 959 514 1021 Bit
527 957 580 1020 hac
597 949 728 1016 dodlrina
750 950 955 1009 communiter
972 943 1150 1022 uuprnrer·
1186 950 1284 1008 mittit
1306 950 1426 1020 pietatis
1448 955 1552 1029 ratio,
1581 959 1611 1020 vi
1628 957 1863 1026 constitutionis
1880 966 1940 1028 Be-

398 1055 588 1122 precantur,
608 1036 732 1095 nomine
753 1023 928 1089 Monastetii
950 1026 1044 1113 ctiam
1068 1027 1150 1088 viro·
1186 1025 1291 1087 nedreli
1308 1026 1389 1087 XlV.
1413 1050 1479 1103 quae
1501 1035 1605 1106 incipit
1637 1039 1790 1114 Regularir
1813 1042 1939 1122 discipli.

396 1144 464 1186 rum
485 1116 614 1190 intelligi
642 1133 675 1173 ac
704 1107 813 1170 includi
831 1106 898 1168 luca
917 1122 1050 1194 omme,
1080 1124 1148 1193 (1⁰3ae
1184 1127 1245 1195 rid,
1277 1126 1336 1179 que
1356 1106 1478 1172 abstulit
1505 1112 1678 1179 mulieribus
1707 1119 1939 1199 quibuscumque

394 1204 476 1265 inter
504 1197 590 1271 septa
619 1189 652 1256 ἀ
681 1187 827 1253 ambitum
852 1182 1029 1246 Monallerii
1050 1201 1150 1245 contr·
1185 1184 1370 1261 licentiam,
1400 1188 1580 1267 indultum,
1620 1198 1813 1275 privilegium
1841 1206 1939 1280 ingre·

394 1297 525 1352 nentur,
542 1293 609 1350 qirae
627 1289 686 1333 una
701 1263 1046 1349 clausuraclauduntum
1058 1262 1148 1324 Lezz.
1183 1262 1282 1325 diendi
1303 1264 1518 1345 Monesieria,
1546 1270 1618 1335 idesl
1638 1274 1777 1340 Claustra
1805 1280 1941 1360 Religio·

396 1362 516 1424 Navar.
534 1352 656 1416 Barbos.
674 1349 710 1411 de
728 1342 856 1435 ΨΘ
872 1343 970 1420 porcis.
986 1339 1085 1434 'Eprio
1104 1342 1148 1403 al·
1184 1343 1282 1433 sorum
1302 1365 1489 1422 quacumque
1504 1349 1542 1412 de
1561 1354 1662 1417 caussa
1682 1403 1690 1430 ‚
1718 1360 1815 1421 ctiam
1840 1361 1937 1424 devo·

396 1441 489 1518 legar.
514 1452 578 1497 roz.
601 1453 630 1493 ri.
649 1429 695 1489 81.
714 1425 748 1489 de
769 1426 819 1488 alii
842 1438 1072 1487 communiter.
1101 1421 1149 1512 De
1184 1440 1295 1500 tionis,
1319 1444 1347 1488 v.
1368 1446 1394 1502 g.
1419 1428 1581 1491 associandi
1599 1431 1815 1512 processiones,
1840 1439 1873 1504 ἅ
1888 1440 1938 1503 ss,

397 1538 488 1585 tanto
508 1514 660 1576 Claulurae
678 1511 793 1583 rigore,
814 1508 864 1579 qui
882 1522 962 1593 nunc
980 1504 1085 1578 viget,
1104 1521 1149 1561 ni·
1183 1500 1377 1567 Eucharissiae
1399 1505 1642 1588 Sacramentum,
1663 1516 1796 1579 vetando
1815 1518 1937 1593 quibus·
1997 1560 1999 1563 -

396 1600 436 1662 bil
459 1595 586 1660 hebetur
608 1589 758 1664 primaevis
783 1580 966 1655 temporibus
986 1581 1149 1670 ,quando
1182 1602 1310 1669 cumque
1332 1586 1426 1648 etiam
1445 1584 1681 1668 Cardinalibus,
1711 1592 1773 1657 sive
1796 1594 1937 1678 singulis,

395 1677 508 1741 llorere
544 1673 639 1745 coepit
672 1660 930 1752 Monasleriorum
965 1659 1150 1735 disciplina,
1183 1661 1245 1724 live
1273 1681 1379 1725 eorum
1396 1663 1687 1752 congregationibus
1712 1672 1852 1741 licentias
1881 1678 1939 1742 liu·

395 1778 466 1822 cum
483 1761 527 1815 ius
546 1765 706 1814 commune
723 1745 903 1817 antiquum,
923 1760 953 1800 in
975 1743 1061 1801 cuius
1081 1758 1149 1802 σοι·
1182 1736 1336 1815 ἰυῦῦῡᾶἰ.
1367 1739 1583 1822 facultatesque
1598 1751 1779 1827 indulgere,
1812 1775 1937 1821 accon.

393 1856 465 1915 pore
490 1828 605 1896 inclusa
633 1823 817 1889 exhibentur
843 1825 984 1904 graviora
1014 1817 1149 1895 Religio·
1181 1823 1274 1884 cellas
1293 1824 1417 1886 omnino
1433 1827 1583 1890 invalidas
1603 1830 1808 1896 declarando.
1840 1835 1935 1900 Idcir-

392 1936 466 1980 num
482 1911 617 1985 statuta,
648 1903 769 1967 nullam
793 1903 828 1963 de
856 1896 995 1961 clausura
1014 1916 1147 1988 mentio·
1181 1919 1218 1963 co
1250 1919 1331 1963 nunc
1352 1899 1542 1969 constitutio
1570 1907 1634 1971 haec
1663 1905 1706 1972 cst
1732 1913 1938 1995 attendenda,

393 2016 463 2061 nem
483 1989 576 2055 saciat
595 2037 604 2065 ,
624 1982 730 2048 saltem
753 1983 833 2045 circa
853 1975 1040 2069 Monasleria
1064 1981 1146 2069 viro·
1182 1998 1237 2041 nec
1256 1982 1382 2065 amplius
1403 1981 1455 2045 illa
1484 1983 1514 2047 8.
1543 1988 1586 2049 Pii
1603 1986 1641 2048 V.
1666 1994 1753 2055 Decet
1771 1997 1938 2062 Romanum

390 2096 474 2139 rum.
499 2072 613 2133 Mirum
634 2081 736 2128 tamen
754 2063 809 2123 hoc
826 2059 1010 2147 elle-nequit
1032 2079 1042 2133 ς
1074 2078 1146 2133 quia
1182 2062 1365 2137 Pontpicem,
1385 2081 1449 2135 quae
1465 2064 1602 2137 expresse
1621 2070 1803 2134 concedebat
1823 2074 1937 2137 mulie·

389 2176 459 2219 cum
480 2166 554 2214 tunc
576 2147 720 2221 temporis
736 2137 920 2222 Monaslcria
936 2134 1034 2227 ercdla
1049 2139 1144 2199 client
1181 2138 1259 2202 ribus
1279 2139 1365 2203 licite
1384 2142 1496 2219 ingredi
1513 2144 1735 2223 Religiolorum
1751 2150 1937 2218 Monasserig

391 2236 423 2297 ὶῃ
444 2234 516 2295 locis
536 2251 552 2292 a
574 2225 745 2300 frequentia
766 2220 816 2281 seu
842 2235 1024 2279 commercio
1049 2216 1144 2303 bomi-
1179 2219 1218 2281 ob
1233 2220 1468 2283 determinatam
1491 2228 1636 2297 pietatem
1654 2274 1663 2303 ,
1682 2247 1790 2304 nempe
1806 2229 1937 2295 occasio·

389 2332 463 2376 rium
479 2309 605 2382 diffitic,
626 2304 750 2366 minime
765 2317 840 2372 opus
855 2314 923 2359 crat
939 2315 974 2358 ea
991 2294 1143 2358 Claulurae
1180 2300 1311 2371 nequod
1329 2302 1360 2359 in
1383 2302 1417 2360 iis
1437 2301 1558 2378 Misiae,
1577 2304 1610 2368 dt
1631 2307 1693 2368 alia
1709 2309 1816 2373 divina
1831 2309 1934 2376 officia

387 2388 597 2471 legibiirtueri
617 2407 626 2462 ;
647 2379 814 2446 sititenim
834 2396 852 2440 a
872 2374 1145 2467 propriasolitudr·
1178 2375 1435 2455 celebrarentur,
1466 2383 1576 2446 acalia
1607 2388 1654 2460 pia
1675 2384 1709 2449 dc
1730 2388 1882 2453 devotio
1920 2420 1937 2439 ·

387 2492 426 2535 ne
446 2466 691 2538 muniebantur,
720 2458 752 2522 dr
773 2458 967 2530 superiorum
985 2452 1143 2516 solicitudo
1180 2475 1231 2532 ri,
1259 2477 1290 2520 v.
1307 2478 1333 2534 g·
1358 2457 1583 2537 processiones,
1613 2466 1728 2528 delatio
1747 2466 1797 2529 88.
1818 2410 1937 2534 euell-

386 2571 422 2615 ac
439 2548 602 2625 vigilantia
620 2548 651 2605 in
671 2536 904 2603 circumllantiis
924 2553 993 2596 raro
1014 2537 1074 2595 iam
1090 2533 1140 2595 ob·
1178 2534 1269 2598 risliae
1290 2538 1327 2599 ed
1344 2536 1479 2600 infirmos
1496 2539 1686 2617 Religiosos,
1713 2547 1758 2607 ita
1778 2564 1882 2609 tamen
1899 2563 1936 2612 ut

388 2629 609 2700 venientibus,
640 2627 670 2683 in
691 2619 794 2694 quibus
815 2614 1036 2705 Religiolorum
1057 2616 1142 2673 inno·
1179 2633 1232 2676 nec
1253 2614 1369 2688 possent
1389 2617 1549 2693 ‘ngressum
1569 2625 1765 2698 praevenire,
1794 2645 1850 2687 nec
1871 2622 1938 2700 post

386 2710 500 2771 centiae
519 2701 660 2779 potuisset
690 2695 855 2772 periculum
885 2693 1005 2830 aligiuod
1030 2709 1142 2781 impen-
1179 2710 1294 2755 moram
1317 2714 1367 2765 pre
1378 2698 1585 2771 ,raliere,nec
1601 2701 1638 2763 ad
1654 2705 1769 2775 quaevis
1786 2702 1845 2766 alia
1861 2704 1936 2767 Mo·

385 2787 442 2861 di,
470 2801 629 2846 occurrere
652 2792 773 2850 poterit
787 2816 801 2864 ἢ.
838 2771 871 2831 ln
893 2790 930 2845 po
956 2788 1047 2858 errori
1065 2788 1141 2860 vero
1179 2770 1300 2835 naslerii
1328 2776 1420 2852 loca,
1448 2773 1651 2859 curiositatis,
1667 2780 1834 2846 alteriusve
1855 2800 1935 2859 prae·

386 2880 501 2937 aetate,
523 2859 641 2935 quando
661 2876 713 2930 per
732 2856 878 2917 civitates
900 2848 932 2913 dt
953 2848 1061 2922 oppida
1078 2848 1141 2912 ubi·
1180 2868 1284 2916 textus
1301 2857 1421 2931 gratia,
1440 2856 1612 2921 declinare.

384 2963 445 3017 que
461 2937 599 3003 extrusis
620 2933 701 2998 sucre
723 2929 926 3019 Monasleria,
948 2927 1064 2990 necesie
1080 2924 1139 3021 suit
1216 2932 1289 3021 Dixi
1310 2931 1366 3010 sits
1387 2935 1534 3013 gravibus
1560 2937 1651 3016 penis
1679 2938 1857 3015 prohibetur
1887 2944 1934 3005 ῑῃ.

385 3021 498 3098 legibus
518 3015 702 3080 faustissimis
724 3030 830 3073 eorum
859 3009 977 3099 aditum
1001 3027 1140 3100 munire,
1176 3014 1289 3089 grellus
1309 3014 1342 3077 dc
1364 3016 1545 3080 introdutiio
1564 3020 1728 3083 mulierum
1748 3024 1780 3083 in
1800 3020 1896 3085 Claui
1915 3052 1931 3069 ·

384 3118 421 3161 ac
442 3101 526 3161 viam
538 3094 725 3166 occludere,
755 3110 794 3152 ne
816 3107 868 3164 per
886 3087 975 3178 ipsius
991 3086 1139 3178 doaemonis
1177 3112 1241 3154 ram
1258 3092 1560 3172 Regulatium3quia
1577 3096 1751 3162 mulieribus
1762 3102 1933 3178 ingredien-

384 3177 551 3241 versutiam
567 3171 673 3234 sanslae
694 3172 838 3245 puritatis
855 3165 988 3256 pericula
1005 3169 1137 3230 intrude·
1176 3172 1255 3236 tibus
1285 3178 1453 3248 imponitur
1484 3195 1573 3252 poena
1605 3183 1932 3243 excommunicationis

382 3271 507 3319 rentur.
525 3254 638 3316 Verum
656 3253 710 3312 lioc
726 3268 801 3337 onus
819 3267 880 3309 non
893 3244 994 3309 llatim
1010 3263 1056 3308 ita
1072 3244 1137 3310 liri·
1176 3251 1265 3327 Papae
1285 3255 1468 3329 reservatae,
1488 3253 1521 3318 δι
1542 3256 1701 3335 Religiolis
1718 3279 1768 3321 eas
1786 3260 1929 3321 introdu-

382 3334 429 3398 fle
446 3332 615 3409 impositum
633 3327 692 3392 snit
712 3376 720 3403 ,
740 3330 816 3390 licut
837 3345 918 3388 minc
938 3326 1135 3414 observatur.
1174 3329 1315 3395 centibus
1331 3330 1416 3396 simul
1433 3355 1501 3397 cum
1523 3335 1629 3399 eadem
1646 3356 1737 3409 poena
1756 3345 1933 3397 excommu-

380 3414 466 3493 Quia
488 3414 560 3476 licet
582 3412 645 3487 lege
664 3407 837 3481 Claulurae,
858 3403 963 3467 saltem
979 3404 1138 3480 aliqualis,
1176 3413 1340 3474 nicationis
1361 3414 1450 3485 poena
1472 3434 1593 3488 quoque
1616 3418 1796 3490 privationis
1811 3412 1931 3477 officio·

380 3496 414 3555 in
434 3494 493 3556 suis
514 3490 660 3553 Claullria
681 3490 818 3549 omnium
834 3485 988 3546 Ordinurn
1004 3484 1136 3558 Religio·
1175 3510 1239 3550 rum
1258 3534 1267 3564 ,
1289 3488 1539 3553 &inhabilitatis
1560 3494 1596 3553 ad
1618 3493 1669 3553 illa
1690 3540 1698 3567 ,
1729 3511 1848 3557 necnon
1870 3487 1931 3555 sus·

380 3570 401 3633 fi
418 3588 621 3647 tenerentur,
650 3571 747 3642 ctiam
768 3565 870 3626 multo
890 3580 963 3626 ante
984 3581 1135 3653 recentro·
1175 3566 1275 3642 pensio
1291 3588 1308 3629 a
1325 3568 1437 3629 divinis
1458 3566 1518 3644 ipso
1536 3566 1616 3634 fatto
1643 3572 1846 3638 incurrendi.
1868 3571 1931 3633 Ex·

380 3672 415 3714 ra
435 3669 590 3727 tempora,
608 3645 730 3723 cumde
751 3642 806 3708 bac
827 3642 973 3706 habeatur
988 3662 1020 3701 in
1036 3641 1137 3703 Cano·
1174 3651 1270 3721 ceptis
1296 3663 1399 3710 tamen
1420 3652 1582 3728 censuris,
1608 3654 1930 3716 excommunicatione

381 3746 420 3791 ne
439 3752 503 3805 cap.
524 3728 638 3791 Placuit
659 3726 689 3788 8.
706 3733 773 3805 c‘ap.
794 3728 886 3785 quta
903 3742 949 3813 .¹¹·
973 3741 1043 3812 cap.¹
1067 3722 1136 3783 Mo·
1174 3724 1307 3799 scilicet,
1326 3724 1359 3789 ἁ
1377 3727 1568 3804 suspensione
1584 3751 1602 3792 a
1619 3731 1752 3807 divinis,
1772 3730 1846 3796 alias
1863 3749 1930 3809 poe·

381 3808 469 3872 nerlii
489 3824 536 3886 33.
558 3828 624 3883 cap.
649 3809 696 3867 16.
725 3802 849 3879 qiam&
869 3800 968 3877 alibi,
996 3800 1044 3863 ubi
1070 3821 1136 3877 pro·
1174 3824 1226 3866 nas
1260 3806 1330 3869 vult
1351 3805 1464 3869 Hanno
1488 3830 1551 3871 nori
1580 3813 1692 3874 incurri
1724 3826 1796 3874 ante
1823 3812 1930 3874 iudicis

381 3887 501 3951 bibetur
531 3887 682 3950 introduci
719 3885 860 3946 mulieres
888 3886 921 3945 iu
949 3878 1135 3944 Msnalleria
1173 3883 1374 3960 sententiam,
1396 3907 1455 3962 qua
1471 3892 1588 3951 crimen
1607 3891 1799 3965 declaretur,
1821 3906 1856 3954 ut
1874 3909 1930 3964 pa·

379 3971 548 4043 virorum,
577 3985 612 4028 ut
633 3964 730 4027 omnis
748 3963 888 4026 radicitus
905 3962 1034 4025 tollatur
1048 3981 1135 4027 occa·
1173 3982 1220 4028 tet
1238 3985 1274 4025 eir
1300 3969 1411 4039 praxi·
1442 3965 1490 4029 Ab
1513 3964 1679 4031 huiusmodi
1701 3983 1803 4031 autam
1828 3970 1927 4043 poenis

376 4044 421 4110 sio
443 4044 577 4110 violandi
599 4064 708 4108 votum
727 4043 895 4117 castitatis,
917 4041 1069 4117 specialius
1089 4057 1135 4102 ta·
1173 4065 1207 4107 ac
1226 4041 1357 4106 censuris
1377 4046 1492 4109 absolvi
1514 4065 1694 4123 nequeunt,
1725 4062 1929 4121 preterquam

378 4127 585 4190 mendicum
607 4128 705 4203 rigore
721 4120 905 4185 inviolabilis
928 4118 1133 4203 observantia
1172 4127 1203 4183 in
1222 4125 1355 4186 articulo
1371 4127 1496 4199 mortis,
1516 4124 1568 4186 nisi
1587 4147 1603 4185 a
1621 4126 1744 4188 Summo
1756 4126 1928 4201 Pontifice,

377 4205 537 4284 Regular's
557 4205 711 4266 Claulnrae
734 4209 763 4263 ιἰι
794 4200 851 4261 suis
869 4197 1064 4261 Monalleriis
1085 4199 1134 4260 seu
1172 4207 1322 4277 praecipue
1343 4205 1375 4263 vi
1395 4208 1501 4269 citatae
1517 4205 1751 4269 Conllitutionis
1772 4204 1927 4277 benedisli

377 4284 589 4348 conventibus
623 4280 839 4345 recentioribus
871 4278 1057 4353 temporibus
1081 4279 1134 4339 ob·
1171 4280 1256 4344 xiv.
1866 4350 1871 4354 ἢ
1960 4322 1969 4341 s

379 4362 469 4427 slridli
495 4364 579 4427 suere
610 4359 747 4437 Religinsi
780 4378 885 4422 omnes
917 4357 1134 4432 cuiuscumque
1212 4359 1354 4436 Religiosi
1378 4362 1538 4425 censentur
1559 4360 1699 4428 soeminas
1729 4367 1925 4431 introducere

376 4444 501 4506 Ordinis
531 4464 581 4516 per
610 4444 682 4503 duas
710 4438 953 4526 Conllitutirines
975 4438 1003 4500 S.
1034 4440 1074 4499 Pii
1094 4437 1131 4496 V·
1171 4447 1202 4503 iri
1222 4441 1429 4518 Monalleria,
1448 4447 1498 4519 qui
1516 4443 1552 4507 ad
1572 4444 1747 4509 earumdem
1764 4444 1926 4524 ingressum

376 4543 504 4598 quarum
537 4526 632 4599 prima
658 4523 763 4593 incipit
790 4518 981 4594 Reguleriirm
1006 4516 1134 4593 persona·
1172 4521 1268 4584 adlive
1286 4518 1505 4595 influunt,seu
1520 4545 1725 4599 cooperantur
1750 4527 1926 4589 immediate

375 4624 464 4682 rum,
485 4603 634 4668 &altera
656 4604 743 4662 Decri
763 4599 1135 4675 RomanumPoiiiificeiii,
1173 4601 1220 4666 rel
1246 4601 1377 4664 mediate
1401 4619 1518 4676 portam
1538 4608 1731 4681 aperiend0,
1762 4627 1815 4679 per
1843 4600 1925 4664 ferie·

378 4704 446 4758 quae
463 4683 546 4747 edita
568 4678 627 4744 suit
649 4682 695 4743 16.
726 4680 902 4755 lulii1570.
928 4678 967 4741 Et
998 4678 1075 4740 hanc
1094 4678 1133 4738 le·
1171 4680 1262 4743 sliam
1289 4684 1551 4759 intromittendo,
1582 4685 1702 4746 clavem
1736 4683 1925 4758 prebendo,

377 4782 446 4840 gem
461 4764 661 4826 confirmavit
690 4758 855 4835 Gregorius
877 4758 960 4819 Xlll.
984 4761 1016 4819 in
1043 4757 1134 4820 Bulla
1171 4760 1230 4824 &e
1257 4761 1353 4822 lmiiio
1374 4759 1393 4821 li
1417 4760 1562 4825 clausurae
1579 4763 1747 4827 cullodiam
1774 4763 1925 4833 habeant,

373 4844 544 4915 incipiente
574 4839 678 4903 Dubiis
708 4849 886 4916 emergunt.
917 4840 972 4900 Per
998 4838 1134 4902 huiusce·
1172 4860 1203 4903 ut
1226 4842 1347 4903 Praelari
1369 4861 1424 4903 aut
1443 4836 1558 4905 lanitor
1576 4890 1584 4917 ,
1605 4861 1728 4916 tantum
1745 4844 1926 4917 permitten-

374 4921 456 4984 riiodi
490 4924 681 4984 summorum
707 4920 894 4983 Pontificum
918 4918 947 4981 S.
976 4919 1022 4981 Pii
1045 4918 1082 4979 V.
1102 4918 1134 4980 dt
1171 4920 1238 4998 do,
1267 4919 1338 4983 idest
1364 4921 1524 4999 ingressum
1543 4924 1662 4984 mulieri
1683 4941 1744 4984 non
1766 4918 1928 4994 impedien-

373 4999 521 5081 Gregorii
537 5001 620 5063 Xlll.
636 4998 879 5064 constitutiones
896 4996 1074 5063 interdistus
1092 4998 1135 5060 eil
1171 5001 1209 5061 do
1231 5049 1240 5077 ,
1269 5005 1338 5076 quia
1356 5003 1425 5063 sunt
1451 5002 1487 5064 de
1505 4999 1583 5064 iasio
1599 5002 1708 5065 causlae
1729 4998 1860 5063 morales
1882 5002 1927 5059 in·

358 5080 430 5153 ,sub
445 5084 589 5162 gravibus
608 5085 705 5157 poeriis
730 5080 873 5158 ingrcslus
898 5078 931 5143 dr
953 5076 1137 5142 introduslio
1171 5083 1311 5157 greslus,
1345 5101 1380 5144 ac
1399 5081 1524 5159 proinde
1543 5081 1647 5144 eadem
1664 5082 1784 5144 tatione
1804 5078 1860 5142 tali
1879 5081 1928 5140 in·

373 5162 542 5230 mulierum
560 5178 821 5240 quarumcumque
841 5178 905 5223 non
921 5174 1137 5235 exemptarum
1172 5160 1280 5241 grcliui
1297 5178 1520 5240 cooperantur.
1540 5158 1622 5225 Item
1641 5160 1813 5243 invitantes
1825 5206 1842 5301 s
1860 5176 1932 5224 con·

1839 5257 1874 5303 u·
