4584 5992
622 561 900 638 pasiano
943 562 1258 646 Rtiroioso
1297 563 1483 647 Caini.
1699 593 1775 678 ιφ

287 673 339 741 te,
359 660 395 731 dt
418 658 528 729 dicitur
545 659 605 739 ipse
627 661 825 726 Innocentius
847 660 900 722 lll.
927 662 962 725 B.
981 662 1044 727 Do-
1118 665 1271 741 Quamdiu
1291 667 1451 746 Monachis
1481 689 1630 751 precepta
1652 675 1685 742 ἃ
1704 699 1826 744 omma

286 748 400 810 minito
422 743 545 808 Ordinis
571 738 614 806 sui
639 741 904 806 confirmationem
925 745 1041 816 petenti
1078 748 1177 808 tiones
1211 744 1407 821 Superiorum
1444 770 1498 822 pro
1533 757 1635 832 regula
1668 754 1825 835 suerunt,

286 821 496 904 respondisse,
524 842 559 889 ut
575 822 723 902 Regulam
749 821 878 899 aliquam
897 823 1043 901 approba·
1077 823 1216 900 quidquid
1238 845 1291 897 pro
1314 829 1397 888 bono
1420 827 1583 905 disciplinae
1603 835 1635 899 ἂ
1658 841 1734 901 virae
1754 840 1827 903 Mo·

285 922 350 969 tarn
364 904 520 984 eligeret,
550 901 753 980 &Regulam
782 903 873 980 elegit
889 902 918 964 S.
939 903 1043 983 Augu·
1077 902 1200 967 milicie
1226 901 1419 969 observantia
1444 930 1462 971 a
1483 911 1649 987 Praepositis
1668 918 1827 983 ordinaba-

283 983 354 1049 siini
378 1032 387 1062 ,
413 1004 481 1061 quae
508 1005 582 1050 tunc
609 986 703 1047 totius
730 981 868 1046 Ecelefiae
898 979 1043 1046 consensu
1078 1000 1153 1059 tur,
1173 988 1239 1046 vice
1255 984 1383 1062 Regula.
1398 1003 1579 1066 erat,·'nota
1596 1015 1656 1056 non
1674 1015 1761 1060 erant
1782 998 1826 1059 di·

283 1083 416 1145 accepta
433 1085 521 1147 erat,
537 1064 571 1132 dc
588 1063 771 1141 a'piobaia.
793 1062 923 1138 Quare,
942 1080 976 1126 ut
995 1064 1043 1126 liic
1077 1060 1215 1126 scrimina
1227 1066 1308 1126 inter
1325 1064 1473 1141 Regulam
1488 1069 1690 1137 Monaslicam
1702 1075 1825 1142 &Con-

281 1161 390 1208 monet
406 1143 578 1212 Cardinalis
621 1144 797 1206 ellai'minus
817 1141 907 1204 liba.
925 1148 961 1204 de
977 1145 1044 1205 Mo·
1075 1141 1250 1206 stitutiones
1271 1142 1413 1221 Ordinis,
1432 1170 1499 1221 quae
1522 1150 1668 1226 postrema
1686 1174 1763 1219 aetas
1780 1161 1826 1219 jn.

283 1224 384 1291 milis
404 1244 439 1291 ea
465 1273 472 1288 .
494 1250 523 1307 4.
545 1224 624 1302 quod
653 1239 727 1286 ante
748 1221 923 1284 Concilium
949 1223 1041 1285 Late·
1077 1225 1184 1297 vexit,
1204 1242 1332 1298 quorum
1350 1223 1413 1288 hirc
1438 1234 1588 1306 ptaeeipua
1609 1252 1626 1296 a
1647 1240 1828 1300 recentiori·

281 1325 347 1369 ran.
373 1305 423 1371 sub
444 1252 630 1382 bnnoccntio
656 1296 712 1365 lll.
742 1305 817 1364 novi
847 1302 969 1365 Ordinis
989 1306 1041 1365 leu
1057 1321 1060 1333 ·
1074 1295 1127 1365 bus
1145 1302 1337 1378 allegantur.
1358 1305 1490 1369 Primum
1507 1308 1670 1378 desumitur
1690 1315 1830 1379 adiici-

281 1385 452 1466 Religionit
470 1381 623 1449 institutio
643 1394 706 1447 nori
724 1380 874 1459 indigebat
891 1381 1040 1456 approba·
1074 1380 1165 1444 litate
1194 1379 1386 1444 Austorum:
1417 1384 1543 1465 Regulae
1569 1396 1652 1455 enim
1681 1393 1826 1460 dicuntur

280 1468 368 1531 tione
398 1471 448 1531 seu
473 1465 708 1532 confirmatione
732 1462 815 1524 Sedis
838 1458 1040 1537 Aposlolicae,
1072 1474 1142 1537 q'uae
1160 1481 1176 1522 a
1196 1461 1245 1521 SS.
1267 1461 1401 1524 Patribus
1421 1465 1573 1533 ordinum
1592 1465 1825 1552 fundatoribus,

279 1542 364 1610 bene·
375 1548 496 1623 quidem
517 1545 640 1624 poslea,
660 1543 761 1606 slanre
780 1540 911 1604 eiusdem
924 1540 1036 1603 Conci·
1073 1558 1127 1625 aur
1144 1538 1182 1602 ab
1198 1540 1348 1615 aliquibus
1364 1542 1512 1623 Episcopis
1535 1552 1726 1628 iampridem
1746 1575 1824 1629 μη.

280 1624 311 1688 lii
327 1629 429 1694 citato
450 1630 593 1691 decreto.
614 1627 726 1699 Primi,
745 1625 795 1699 qui
819 1619 882 1699 poll
905 1616 1039 1682 eiusdem
1074 1621 1194 1707 scriptae
1210 1621 1297 1696 sunt,
1318 1619 1455 1697 &ipsius
1474 1621 1661 1705 professionis
1679 1630 1822 1697 formula

279 1703 415 1770 Concilii
453 1709 609 1772 decretum
643 1707 798 1782 petierunt
835 1700 877 1763 sui
913 1698 1038 1764 Ordinis
1071 1697 1170 1763 solent
1192 1698 1243 1761 lub
1265 1702 1527 1783 minimamque
1549 1709 1679 1774 includi.
1701 1711 1823 1776 Conlli-

279 1786 568 1863 eonlirmationem,
587 1783 714 1849 suerunt
734 1782 784 1842 SS.
804 1782 982 1844 Dominitna
1003 1778 1037 1845 dt
1073 1784 1209 1844 tutiones
1235 1800 1312 1844 vero
1341 1781 1511 1864 dicuntur,
1538 1810 1605 1862 quae
1630 1812 1648 1855 a
1671 1791 1822 1869 Capitulis

280 1859 472 1932 Franciscui.
493 1866 524 1930 Si
541 1866 729 1931 Bellainiino
749 1860 958 1938 credendum,
984 1859 1036 1923 Se-
1071 1857 1269 1924 Generalilius
1287 1878 1341 1925 aut
1362 1863 1513 1928 Ordimim
1528 1867 1822 1949 congregationibus

272 1944 325 2009 dis
355 1946 537 2023 Apostolicae
566 1939 743 2023 approbatio
772 1944 936 2017 requiritur
967 1943 1036 2002 vice
1072 1938 1197 2004 diversis
1218 1940 1402 2015 temporibus
1423 1964 1627 2014 emanarunt.
1828 2010 1832 2021 ,

279 2024 444 2104 testimonii
467 2075 476 2103 ,
503 2046 564 2104 quo
590 2022 730 2096 conller,
760 2040 799 2083 eir
823 2020 936 2083 iudicio
953 2019 1036 2082 Sedis
1111 2019 1269 2096 Poslquaru
1293 2040 1449 2098 receptum
1470 2025 1546 2102 suit,
1576 2027 1649 2093 idell
1671 2029 1736 2109 posl
1758 2029 1821 2095 De·

278 2103 463 2181 Aposlolicae
485 2127 601 2170 novum
622 2106 678 2166 hoc
697 2095 875 2164 lnslitutum
893 2098 966 2161 nihil
984 2099 1035 2163 do·
1069 2119 1188 2164 cretum
1210 2101 1339 2166 Concilii
1356 2104 1573 2172 Lateranensis
1585 2157 1594 2182 ,
1607 2106 1755 2189 Regulam
1770 2111 1821 2175 de·

279 2183 383 2266 trino
400 2187 561 2268 Evangelii
579 2200 633 2249 aut
656 2180 796 2246 Ecclesia
812 2180 1036 2243 dissentaneum
1070 2180 1140 2244 bere
1162 2180 1223 2244 esse
1239 2203 1256 2244 a
1278 2183 1353 2246 Sede
1365 2184 1532 2264 aposlolica
1550 2190 1769 2266 approbatam,
1785 2210 1821 2256 ut

278 2271 450 2335 continere.
912 2327 914 2331 i
1070 2279 1145 2323 veri
1164 2260 1237 2326 esset
1255 2258 1510 2342 Religio‚neque
1536 2290 1646 2332 verum
1670 2269 1732 2333 else
1750 2269 1822 2333 Mo·

316 2348 470 2421 Quidquid
492 2365 596 2413 tamen
615 2341 670 2419 fit,
694 2335 722 2405 id
740 2356 860 2406 certum
877 2335 945 2418 est,
967 2337 1036 2402 nul·
1068 2340 1200 2404 naelium
1211 2344 1261 2405 vel
1274 2342 1459 2419 Religiosum
1472 2349 1538 2422 ,qui
1562 2352 1650 2412 iuxta
1668 2350 1817 2426 Regulam

278 2412 339 2489 lam
359 2429 447 2491 hodie
466 2430 655 2507 Religionem
672 2423 709 2487 de
724 2442 808 2486 novo
826 2418 959 2495 institui,
981 2437 1034 2481 aut
1070 2418 1108 2482 fic
1136 2420 1332 2508 approbatam
1364 2423 1572 2499 professionem
1603 2449 1663 2492 non
1693 2428 1822 2507 emisit,

279 2508 401 2582 ¹adiriitt'i
423 2506 502 2584 posse
522 2508 583 2569 sine
606 2508 722 2581 previa
743 2501 827 2596 Sedis
846 2498 1034 2575 Apollolicae
1072 2500 1153 2563 clare
1179 2504 1394 2595 consequitur,
1423 2509 1576 2568 neminem
1602 2524 1713 2581 prater
1740 2506 1819 2571 sum·
1850 2525 1852 2529 ·

277 2580 859 2738 tibullus?sallustia
876 2575 1034 2719 fusiss.
1069 2598 1153 2734 ssi}
1167 2580 1353 2735 silisis?
1378 2578 1555 2728 ul‘ll}
1574 2585 1820 2744 luitiziis}

275 2735 352 2810 solet
375 2750 456 2809 inter
476 2744 589 2810 caullas
612 2744 678 2805 Sedi
702 2740 888 2805 Auoslolicae
903 2734 1036 2800 reserva·
1070 2738 1103 2801 ἃ
1127 2736 1368 2804 Conllitutiones
1388 2740 1512 2805 Ordinis
1532 2742 1703 2808 differentia
1725 2750 1819 2808 inter·

274 2831 341 2888 ias.
367 2824 491 2900 Insuper
511 2823 680 2886 declaravit
702 2810 876 2882 Bonifatius
898 2813 982 2908 Vlll.
1004 2817 1035 2910 iri
1070 2817 1168 2894 cedit,
1189 2821 1269 2895 quod
1290 2821 1406 2899 Regula
1426 2823 1590 2901 approbata
1613 2822 1839 2904 perpetuasse,¹

271 2916 342 2979 capi
366 2906 458 2968 unico
477 2905 516 2967 dt
537 2916 604 2965 uolo
626 2906 655 2961 in
676 2902 705 2960 6.
733 2898 848 2961 Votum
870 2894 1035 2974 Religionis
1071 2916 1134 2960 nnn
1147 2898 1470 2965 veroConslitutiones
1482 2902 1627 2966 Ordinis.
1649 2903 1819 2969 Secundum

273 2979 406 3046 demuni'
418 2976 478 3047 else
494 2982 641 3056 solemne,
660 2993 755 3059 ,atque
774 2977 811 3040 ad
831 2975 1033 3039 dirimendum
1069 2976 1225 3042 discrimen
1238 2978 1405 3043 desumitur
1421 2986 1561 3057 paritera
1582 2983 1764 3057 duratione,
1781 3004 1820 3048 ex

273 3055 507 3128 Matrimonium
530 3057 719 3126 contrasluni
739 3057 871 3132 efficax,
893 3073 944 3131 per
965 3074 1034 3130 pro·
1067 3076 1106 3121 eo
1130 3058 1209 3135 quod
1231 3057 1347 3140 Regula
1374 3066 1450 3137 vix,
1481 3080 1536 3126 aut
1562 3082 1602 3125 ne
1621 3065 1674 3127 vix
1696 3064 1819 3138 quidem

273 3137 434 3208 sessionem
473 3143 602 3204 tacitam
638 3138 687 3203 vel
727 3139 895 3210 expressam
926 3132 1034 3197 faciam
1067 3142 1178 3203 mutari
1200 3135 1821 3219 soleticonslitutionesveroprotem·

275 3217 365 3285 aliem
387 3222 424 3284 de
444 3215 654 3299 Religionibus
679 3231 731 3293 pet
751 3215 856 3279 Sedem
881 3212 1033 3288 Apolloll·
1069 3235 1175 3294 porum
1197 3219 1391 3297 locorumque
1408 3226 1562 3287 varietate
1582 3241 1644 3286 non
1666 3245 1736 3286 raro
1754 3245 1819 3285 niu·

293 3310 342 3370 ain
363 3302 556 3377 approbatis.
578 3300 693 3382 Igitur,
714 3299 758 3358 ait
776 3295 883 3359 Glossa
900 3342 908 3372 ,
920 3295 950 3374 ſs
966 3311 1032 3371 pro·
1068 3318 1191 3363 tantur.
1209 3298 1298 3365 Unde
1316 3301 1345 3362 S.
1363 3303 1543 3365 Antoninus
1557 3318 1635 3375 part.
1656 3319 1682 3363 i.
1705 3306 1754 3364 tit.
1769 3304 1816 3364 16.

278 3455 283 3462 Ι
321 3392 373 3444 iitr'
387 3379 568 3463 Religionem
585 3401 640 3442 iion
662 3372 874 3456 approbatam,
908 3382 950 3439 O
969 3393 1033 3439 cott-
1066 3400 1130 3454 cap.
1162 3398 1187 3441 t.
1210 3386 1236 3444 §.
1257 3401 1286 3459 4.
1309 3378 1431 3454 scribit,
1462 3381 1542 3454 quod
1562 3380 1819 3455 Regulaemutari

275 3458 379 3525 traditi
399 3501 407 3536 ,
429 3473 509 3525 senei
531 3459 761 3535 Matrimonium
784 3501 790 3516 .
821 3447 909 3535 Quod
926 3469 1032 3517 oerum
1068 3479 1130 3520 non
1148 3459 1268 3531 possunt
1291 3458 1342 3519 nili
1365 3480 1381 3522 a
1402 3459 1526 3521 Summo
1545 3455 1714 3532 Pontifice,·
1735 3458 1819 3522 Con-

270 3539 361 3624 gaso,
382 3542 393 3615 s
411 3546 509 3618 pergit
527 3540 631 3604 Glusla
646 3549 657 3614 ,‘
673 3537 685 3617 )
701 3536 816 3674 etinmgs
833 3536 949 3611 quando
965 3550 1031 3611 pro·
1067 3535 1245 3601 slitiitiones
1265 3558 1341 3601 vero
1362 3541 1472 3601 mutari
1490 3538 1611 3615 possunt
1634 3558 1686 3614 per
1706 3536 1820 3601 viali-

293 3617 429 3697 iedatiir,
451 3616 580 3686 credebat
596 3617 681 3682 islani
698 3633 783 3698 appio
801 3627 902 3696 olam.
925 3614 1033 3689 Neque
1069 3636 1117 3681 tos
1137 3618 1352 3697 Religionum,
1374 3621 1423 3694 qui
1446 3634 1544 3682 tanta
1569 3609 1637 3680 sunt
1656 3612 1817 3681 auflorita·

273 3709 361 3770 totta
382 3696 564 3778 praesentem
580 3696 766 3777 disciplinam
783 3695 950 3772 Regulares
970 3692 1033 3757 sive
1067 3701 1124 3774 tis,
1146 3714 1269 3773 quantae
1286 3693 1412 3763 suerunt
1428 3701 1477 3775 qui
1496 3698 1565 3761 illas
1586 3694 1757 3761 instituere.
1776 3696 1818 3761 Et

272 3770 414 3859 Religion
437 3779 596 3855 dicuntur,
617 3771 738 3841 tametsi
756 3778 787 3837 iii
803 3778 955 3865 communi
978 3777 1026 3838 vi·
1068 3780 1124 3841 hoc
1138 3780 1220 3842 clare
1247 3783 1402 3844 evincitur
1424 3798 1464 3842 ex
1488 3775 1632 3842 moderna
1653 3774 1819 3855 Religioso-

272 3870 383 3941 vani,
409 3850 443 3930 dr
472 3860 532 3923 tria
553 3874 628 3922 vota
653 3860 801 3920 emittant
826 3902 834 3932 ,
864 3857 884 3916 li
911 3874 948 3917 ea
969 3873 1031 3917 non
1067 3875 1133 3920 rum
1162 3862 1271 3936 praiti3
1297 3878 1369 3922 nani
1393 3856 1496 3937 passim
1523 3856 1662 3936 Religiofi
1687 3858 1818 3920 Ordines

270 3941 423 4020 ‚emlttant
445 3944 474 4001 in
491 3930 652 4016 Religione
674 3935 859 4012 approbata.
882 3934 958 3998 Haee
979 3952 1031 3998 ve·
1067 3936 1217 4013 poteslate
1237 3942 1372 4003 mutandi
1394 3935 1461 4003 suas
1489 3937 1732 4001 Conllitutiones
1755 3932 1819 3998 five

271 4033 307 4080 to
331 4017 524 4096 Pontificia,
552 4019 615 4080 sive
647 4016 828 4091 Epil'copalis
853 4012 1032 4092 approbatio
1065 4015 1182 4082 flatura
1214 4035 1365 4095 utuntur,
1394 4021 1518 4081 mininie
1546 4037 1623 4081 vero
1650 4013 1817 4093 Regulam.

271 4089 400 4181 Regulae
424 4099 474 4161 vel
497 4092 631 4161 snlliiuti
649 4095 839 4163 Monachalis
880 4094 954 4159 nibil
973 4089 1030 4159 Re·
1065 4098 1209 4163 Tertium
1230 4098 1385 4161 discrimen
1406 4093 1547 4160 llatuunt
1572 4096 1711 4158 nonnulli
1737 4097 1819 4156 inter

269 4176 350 4258 gule
370 4179 420 4243 vel
441 4178 588 4243 lnslitutn
610 4177 693 4242 addit
716 4225 725 4256 ,
754 4200 825 4240 cum
843 4137 1032 4264 solummodo
1066 4173 1216 4256 Regulam
1236 4175 1269 4242 ἀ
1293 4177 1557 4249 Conllitutiones,
1587 4174 1666 4251 quod
1692 4170 1744 4237 illa
1768 4192 1819 4235 ar·

271 4253 329 4323 tall
351 4260 489 4327 remedio
519 4255 615 4321 visum
636 4256 690 4338 sit⁵¹
703 4258 890 4334 providere,
919 4277 958 4320 ne
978 4255 1031 4318 lub
1064 4256 1139 4321 uiui
1166 4253 1200 4322 ft
1231 4255 1282 4319 sub
1309 4259 1440 4337 graviori
1470 4255 1556 4330 culpa
1585 4254 1698 4331 obliget
1727 4272 1819 4340 quani

271 4351 333 4414 pre
350 4351 428 4405 earu
445 4353 536 4404 novae
553 4335 721 4416 Religionis
738 4336 873 4414 improba
896 4350 1028 4402 conven·
1066 4338 1133 4401 liic:
1156 4333 1274 4415 Regula
1295 4342 1396 4409 enirn,
1422 4337 1557 4412 exceptis
1583 4340 1667 4397 votis
1687 4332 1720 4397 dc
1740 4331 1820 4393 Oili-

265 4352 368 4482 'ticoli
393 4421 426 4480 in
446 4413 612 4482 Ecclesiam
642 4420 839 4497 irreperent.
869 4416 951 4484 Nam
976 4416 1028 4478 bo·
1064 4422 1113 4481 cio
1130 4417 1309 4493 divino,ad
1327 4419 1425 4478 minus
1442 4417 1472 4474 in
1489 4412 1637 4490 aliquibus
1654 4410 1818 4475 Ordinibus

272 4492 368 4559 diemi
400 4492 574 4581 Religiosi,
603 4494 677 4560 licet
702 4497 907 4569 profiteantur
931 4498 1029 4574 Regii·
1065 4495 1180 4574 obligat
1211 4494 1248 4558 ad
1271 4497 1416 4560 veniale:
1444 4492 1687 4556 Conllitutiones
1714 4507 1820 4554 autem

275 4570 335 4638 lam
355 4578 574 4655 approbatam,
593 4576 625 4640 dt
643 4580 673 4638 in
694 4571 887 4656 Religionea
909 4575 936 4638 S.
954 4575 1029 4638 Sede
1065 4580 1190 4640 minime
1207 4577 1243 4639 ad
1259 4577 1402 4652 culpam,
1425 4569 1475 4635 sed
1501 4575 1538 4634 ad
1560 4590 1681 4649 poenam
1697 4566 1820 4658 imposi-

273 4669 290 4715 a
311 4656 439 4733 probata
481 4656 579 4721 nihilo
596 4657 694 4724 minus
717 4676 752 4719 ac
777 4671 896 4724 veteres
917 4654 1030 4725 Mona·
1066 4671 1153 4737 tam,
1175 4656 1226 4719 vel
1250 4656 1446 4732 aSuperiore
1461 4650 1686 4729 imponendam,
1704 4651 1756 4710 nili
1769 4647 1818 4707 ad·

254 4671 319 4798 tbi
337 4740 370 4799 ln
387 4736 495 4801 ordine
514 4735 664 4800 laicorum
681 4750 859 4814 remanent;
876 4738 954 4803 unde
967 4756 1029 4798 non
1065 4734 1101 4800 sit
1125 4755 1343 4812 contemptus,
1363 4750 1417 4799 aut
1440 4735 1629 4796 contrarium
1653 4734 1717 4820 eius
1738 4723 1818 4800 quod

272 4810 354 4880 letus
373 4828 410 4880 ae
432 4809 545 4892 prillini
570 4812 717 4880 Monachi
735 4820 857 4879 ratione
879 4814 1029 4891 professio·
1064 4815 1229 4892 llaruitur,
1258 4835 1298 4880 eii
1314 4832 1426 4882 natura
1457 4812 1532 4889 sua,
1561 4829 1613 4873 aur
1634 4805 1757 4870 aliunde
1782 4799 1818 4865 sit

272 4894 315 4957 nis
330 4896 363 4958 in
373 4891 444 4960 Reli
466 4894 537 4962 ione
554 4896 718 4975 approbata
731 4896 767 4959 ad
778 4895 924 4959 Ordinem
934 4894 1028 4958 Cleri·
1066 4901 1219 4962 mortale.
1434 4904 1436 4908 ’

274 4972 418 5041 calemac
464 4970 1029 5053 ierarchicumminlmepertinetenos.

272 5070 386 5143 cuntur
400 5104 410 5138 ,
425 5054 524 5122 donec
534 5055 571 5120 ab
582 5056 735 5137 Episcopii
745 5078 796 5135 per
807 5052 956 5121 Ordinem
963 5049 1031 5117 Cle·
1052 5055 1056 5063 ’

274 5134 400 5202 ntalem
418 5134 454 5203 ἀ
471 5134 705 5204 Hieiarcbicum
719 5138 853 5205 ordinati
873 5155 936 5204 non
953 5134 1027 5200 sint.
