4584 5992
547 532 628 673 asiis
648 606 811 672 difficultas
830 607 911 670 circa
934 605 1139 670 huiuscemodi
1159 628 1233 673 con·
1248 633 1252 639 ·
1268 607 1334 670 dem
1355 608 1439 669 sensu
1461 604 1612 681 resprndir
1630 603 1738 669 eadem
1754 605 1835 670 saera
1851 605 2024 688 Campen-

475 692 590 755 trsssus
614 689 655 749 ell
683 691 720 750 de
743 690 909 765 imprimet
935 687 968 751 dc
988 694 1112 764 pignore
1137 687 1228 752 bono·
1267 708 1311 749 tio
1334 691 1363 749 in
1376 688 1519 826 &somena
1539 687 1697 763 Beneplac.
1726 703 1771 766 13.
1793 688 1912 752 lanuar.
1936 697 2022 770 169t.

477 793 543 833 rum
570 767 724 836 criseis,
752 771 782 830 dc
805 766 983 830 Monasterii
1007 770 1036 825 iri
1056 773 1229 839 particulari
1264 768 1354 835 Quod
1418 771 1448 828 vi
1470 768 1617 843 generalis
1651 768 1830 848 hypotheca
1856 769 2020 835 devenien-

454 866 541 921 ¹tani
573 791 768 912 immobilium
788 869 879 923 quum
903 846 1059 909 mobilium
1084 847 1230 921 pretioso·
1264 850 1335 908 dum
1354 847 1428 908 esset
1450 846 1926 925 adbonorumsubhaslatsonem,
1946 865 2022 917 tunc

471 948 564 992 rum.
595 927 780 1006 Hyporhcca
806 947 890 988 enirn
910 926 944 989 bt
972 928 1142 1000 pignoratio
1163 934 1236 990 sunt*
1265 930 1466 999 requireretur
1491 926 1712 995 beneplacitum
1732 924 1958 1003 apostolicum,
1985 946 2022 993 ut

471 1011 727 1085 quidemspeci'es
747 1002 941 1076 contradus,
961 1025 1021 1077 quo
1042 1004 1114 1067 nihil
1138 1008 1229 1067 ttadI·
1263 1009 1430 1067 declaravit
1464 1003 1543 1065 sacra
1581 1002 1786 1080 congregatio
1819 1004 1956 1082 Episcop.
1986 1009 2022 1073 ἀ

473 1103 545 1160 tur,¹
572 1104 631 1147 nec
661 1091 826 1147 dominium
856 1087 1031 1157 amittitur,
1056 1085 1103 1145 sed
1133 1084 1229 1148 solum
1265 1085 1405 1163 Regular.
1431 1082 1480 1144 28.
1511 1082 1608 1155 April.
1645 1085 1820 1161 1648.Sine
1845 1086 2022 1156 Aposlolieo

473 1186 522 1228 tes
544 1163 749 1245 hypothecam
778 1181 832 1226 aut
857 1169 1057 1239 oppignorata
1088 1163 1146 1225 slat
1178 1187 1229 1237 pro
1263 1163 1459 1236 beneplacito
1479 1158 1578 1223 facere
1599 1163 1712 1235 pellent
1742 1163 1908 1239 Regiilaret
1927 1167 2022 1246 hypp-

472 1244 641 1307 secuistate
663 1244 762 1316 illius,
787 1264 803 1305 a
820 1264 882 1315 qiio
898 1244 981 1317 supra
1000 1262 1045 1304 res
1057 1246 1229 1320 iliaqcredi·
1264 1245 1385 1305 thecam
1404 1264 1439 1305 ac
1457 1244 1561 1319 pignus
1582 1258 1677 1303 etiarn
1695 1245 1875 1315 particulare
1896 1252 1929 1303 in
1952 1244 2021 1312 casu

472 1342 509 1390 ta
526 1324 568 1386 cll
588 1327 797 1398 peciinia,qui
818 1324 855 1383 ad
876 1324 944 1383 illas
966 1321 1054 1384 habet
1076 1320 1228 1386 recursum
1263 1323 1454 1384 imminentis
1476 1331 1648 1397 urgentisve
1666 1319 1870 1395 necessitatis,
1889 1329 1941 1385 cui
1965 1329 2021 1388 ali-

473 1405 505 1466 ia
521 1403 609 1479 casii,
631 1423 690 1478 quo
708 1406 774 1478 quis
792 1399 852 1465 suat
874 1398 1141 1477 iiislaeiibligationi
1153 1423 1228 1464 con·
1264 1419 1311 1464 rer
1326 1404 1440 1464 occurri
1460 1404 1583 1475 nequit.
1602 1402 1724 1461 eumad
1746 1398 2022 1475 impossibilenemo

471 1481 579 1547 tradlae
598 1504 658 1546 non
677 1477 865 1545 satisfaciat.
887 1481 943 1543 Sed
960 1482 1083 1544 huiusce
1100 1481 1227 1544 difficul·
1264 1499 1425 1554 teneatur,
1444 1478 1477 1542 dt
1493 1475 1680 1556 necessitas,
1709 1498 1741 1541 ut
1759 1484 1869 1550 dicitur
1886 1503 2021 1547 conrum-

415 1592 419 1601 ¹
472 1566 550 1627 tatis
566 1561 662 1625 nodus
681 1560 754 1623 satis
777 1563 858 1623 clare
879 1557 1010 1623 solvitur
1036 1579 1072 1622 ex
1089 1567 1143 1625 cit.
1169 1562 1227 1624 Eit-
1263 1570 1366 1634 niter,
1383 1580 1445 1621 non
1462 1557 1570 1621 habeat
1587 1563 1702 1635 legem.
1724 1558 1959 1623 Adverteudum
1976 1581 2022 1628 ta·

471 1657 592 1720 travag.
612 1639 801 1717 Ambitiosa,
821 1638 855 1704 dt
875 1644 1045 1716 praecipue,
1067 1661 1106 1703 ex
1128 1640 1228 1703 derret
1263 1641 1381 1701 meniu
1403 1637 1459 1700 tali
1479 1637 1579 1713 casu,
1604 1642 1673 1701 vasa
1695 1639 1776 1702 sacra
1800 1643 1916 1716 pignori
1939 1640 2020 1706 subdi

471 1738 510 1784 to
530 1720 620 1785 sacrae
644 1723 898 1799 Congregationis
915 1721 991 1783 iussu
1009 1718 1123 1783 Urbani
1143 1719 1227 1781 Vlsl.
1263 1740 1324 1782 non
1342 1720 1442 1794 polle,
1459 1735 1492 1780 iit
1509 1736 1618 1789 excap.
1629 1717 1737 1780 Clerici
1749 1766 1757 1789 ,
1771 1716 1805 1781 dt
1821 1718 2018 1784 exClement.

507 1822 528 1863 o
548 1800 746 1878 Regularibus
764 1802 869 1876 edito,
895 1804 925 1861 in
947 1820 1006 1874 quo
1027 1803 1163 1875 expresse
1184 1822 1229 1861 in·
1258 1800 1287 1878 fi
1304 1797 1470 1874 beneficium
1485 1795 1522 1859 de
1539 1796 1665 1860 uicinis
1686 1844 1696 1871 ,
1722 1794 1777 1860 uisi
1795 1796 1877 1861 sorte
1894 1801 2021 1864 uecessi-

493 1879 615 1944 ibeutur
644 1880 841 1958 Regularibus
865 1879 1053 1960 hypotheca,
1071 1881 1104 1943 dt
1128 1880 1228 1943 trade·
1264 1900 1312 1942 tas
1335 1879 1545 1939 unammiter
1566 1923 1575 1952 ,
1602 1878 1635 1940 ἃ
1662 1874 1890 1954 urgmtisl'ima,
1922 1900 2020 1956 neque

469 1980 504 2022 re
527 1964 558 2021 in
578 1964 700 2037 pignus.
729 1961 768 2022 Er
794 1960 931 2034 equidem
946 1982 1015 2022 cuin
1037 1962 1066 2019 in
1087 1961 1152 2039 lege
1173 1960 1229 2022 hac
1263 1959 1354 2020 aliter
1370 1954 1500 2019 succurri
1532 1956 1655 2032 posset.
1684 1956 1731 2020 Sic
1757 1957 1875 2036 Peyrin.
1899 1957 2021 2023 Donat.

468 2057 583 2115 utpote
601 2038 674 2102 sassa
702 2043 732 2101 iu
755 2036 891 2102 savorem
918 2037 1083 2116 Ecclesiae,
1102 2058 1137 2102 ut
1160 2043 1229 2102 eius
1263 2039 1403 2101 Pasleciu.
1425 2036 1458 2100 dt
1475 2035 1548 2097 alii.
1907 2087 1909 2096 .

468 2118 552 2182 bona
572 2118 817 2194 conserventur,
842 2118 1035 2180 alienationis
1056 2138 1167 2182 nomen
1188 2117 1228 2180 sa·
1302 2118 1376 2181 Alia
1395 2111 1568 2193 gravissima
1587 2120 1723 2179 occurrit
1748 2113 1912 2180 difficultas
1936 2120 2021 2183 eirca

471 2198 582 2262 tissrme
599 2197 647 2262 hic
665 2194 819 2274 sumatur,
836 2194 906 2259 idesl
929 2219 992 2259 uon
1008 2196 1104 2260 solum
1119 2217 1227 2273 quate·
1264 2198 1420 2260 tradentes
1446 2194 1495 2257 seu
1530 2195 1732 2259 concedentes
1755 2195 1855 2260 Laicis
1877 2196 2019 2272 Capellas

469 2296 528 2339 iuis
556 2278 630 2340 dicit
658 2275 880 2340 abdicationem
907 2297 1025 2349 rerum,
1055 2273 1104 2339 sed
1133 2281 1229 2341 etiam
1263 2296 1317 2338 aut
1333 2272 1521 2349 sepulturas,
1538 2273 1600 2337 site
1618 2272 1745 2337 sundum
1762 2295 1934 2349 proearum
1950 2279 2020 2339 aedi-

470 2358 607 2431 r'uriuni,·
629 2355 698 2419 hinc
714 2377 784 2419 cum
805 2359 836 2416 in
861 2358 983 2433 pigriore
1002 2355 1036 2420 dc
1059 2356 1227 2435 hypotheca
1262 2353 1425 2431 litatione,
1447 2375 1528 2416 num.
1541 2355 1618 2417 tales
1633 2350 1838 2417 concessiones
1854 2350 2019 2433 subdantur

385 2479 388 2486 -
471 2433 605 2500 Ecclesia
622 2437 671 2499 vel
689 2435 910 2499 Monaslerium
927 2434 1045 2500 abdicet
1063 2434 1146 2499 stium
1164 2441 1227 2510 ius,
1263 2433 1372 2512 legibus
1392 2434 1429 2495 de
1457 2452 1517 2495 non
1548 2433 1718 2496 alienandis
1745 2433 1833 2498 bonis
1855 2433 2017 2511 Ecclesia,

467 2513 502 2579 dt
524 2515 598 2577 illud
629 2511 794 2580 transserat
826 2520 857 2576 in
884 2517 1082 2590 creditorem,
1107 2521 1158 2579 cui
1180 2536 1227 2579 res
1262 2517 1381 2577 remisso
1401 2517 1543 2576 examine
1563 2511 1661 2588 quoad
1681 2509 1896 2577 simoniamad
1917 2515 2017 2579 locum

466 2598 669 2673 oppignorata
699 2591 756 2657 suit
785 2595 833 2657 vel
867 2593 1097 2677 hypothecam,
1122 2600 1166 2659 ita
1193 2614 1227 2658 ut
1262 2594 1311 2657 ubi
1327 2595 1363 2655 de
1381 2593 1436 2655 tali
1464 2611 1590 2669 negotio
1618 2594 1765 2669 agendum
1784 2598 1948 2659 occurrit.
1978 2594 2021 2658 Et

468 2693 530 2737 tion
552 2673 662 2738 habeat
689 2675 725 2735 de
743 2694 780 2737 ea
809 2673 893 2735 usum
918 2672 1046 2737 liberum
1074 2675 1147 2737 sicut
1175 2695 1226 2737 an·
1261 2694 1300 2735 ne
1317 2693 1363 2734 res
1379 2674 1466 2733 nimis
1483 2676 1515 2733 in
1537 2673 1659 2750 longum
1682 2671 1898 2747 protrahatur.
1916 2671 2022 2738 brevi·

468 2769 541 2830 tea,
557 2755 628 2815 dum
649 2773 701 2829 per
719 2755 1002 2832 oppignerationem
1022 2754 1056 2819 dt
1075 2754 1228 2834 hypothe·
1261 2770 1309 2815 ter
1329 2772 1378 2814 me
1397 2751 1556 2823 expediam
1575 2773 1646 2814 cum
1660 2751 1793 2814 doslri'iia
1811 2752 1934 2816 Rotarii
1950 2754 2020 2835 hic;

467 2830 672 2896 camiududla
693 2828 752 2896 suit
771 2832 1131 2911 quadamserviiusp&
1159 2833 1228 2896 ideo
1261 2852 1397 2915 nempe,
1429 2828 1658 2894 siconcedatur
1679 2830 1762 2894 laicis
1780 2830 1908 2907 Capella
1926 2880 1936 2911 ,
1968 2851 2023 2899 aut

469 2930 515 2974 tes
531 2908 605 2973 sassa
623 2910 664 2973 esl
682 2910 839 2976 deterioris
856 2913 1061 2990 conditionis,
1080 2913 1139 2978 hoc
1157 2934 1227 2990 pro·
1262 2912 1442 2985 sepultura,
1459 2911 1510 2974 vel
1530 2905 1638 2973 fundus
1654 2930 1708 2984 pro
1722 2910 1847 2987 Capella
1859 2914 1911 2977 vel
1922 2916 2020 2989 sepul·

467 2990 539 3054 itide
570 2986 683 3051 sufficit
709 2992 747 3053 ad
782 2989 1008 3079 contrahendas
1042 2990 1225 3070 poenas,si
1262 3009 1331 3053 tura
1351 2988 1620 3077 conslruenda,ut
1638 2987 1843 3055 transferatur
1857 2995 1891 3054 iti
1908 2993 2021 3059 Laicos

467 3066 671 3131 huiuscemodi
691 3067 865 3133 contritus
893 3072 994 3133 sineS
1025 3072 1110 3134 Sedis
1131 3072 1227 3146 placi·
1259 3070 1429 3131 dominium
1448 3070 1571 3132 tdihcii
1598 3068 1648 3132 seu
1665 3064 1778 3148 suntsi,
1809 3070 1862 3136 ves
1885 3071 2021 3137 eiusdem

469 3165 504 3209 to
529 3148 701 3211 ineantur.
725 3148 772 3213 Sic
797 3146 927 3214 barbola
958 3148 1009 3213 lib.
1041 3165 1068 3228 ς.
1098 3152 1134 3214 de
1163 3151 1227 3213 iiirr
1259 3147 1402 3224 aedilicii,
1423 3167 1477 3212 aut
1496 3152 1590 3212 etiam
1606 3148 1760 3227 Capella,
1782 3146 1833 3213 seu
1852 3147 2022 3226 sepulturas

466 3225 574 3304 Eccles.
596 3246 661 3301 cap.
702 3246 731 3290 ο.
759 3249 788 3290 n.
814 3244 860 3304 19.
878 3228 970 3291 Lcaz.
990 3228 1104 3292 Donat.
1122 3230 1226 3293 Passe·
1261 3246 1313 3291 aut
1336 3225 1420 3289 sundi
1438 3249 1493 3300 pro
1511 3228 1558 3291 his
1577 3228 1760 3292 aedificandis
1780 3226 1864 3293 solua
1886 3227 2019 3306 smslui,

468 3310 526 3369 rin.
553 3305 666 3370 Bonae.
725 3308 782 3370 ude
812 3308 976 3387 Regulares
997 3326 1150 3384 nequeunt
1172 3329 1226 3373 ne-
1259 3325 1311 3373 aut
1335 3310 1379 3368 ius
1396 3309 1501 3370 utendi
1524 3355 1532 3382 ‚
1561 3326 1683 3372 retento
1699 3332 1716 3372 a
1734 3306 1923 3374 Monasserio
1942 3312 2020 3388 apud

467 3385 539 3449 dum
555 3390 679 3448 nornine
694 3386 874 3461 censuario,
903 3387 950 3449 sed
968 3408 1065 3463 neque
1085 3389 1121 3451 ad
1143 3409 1225 3452 cam-
1261 3386 1290 3450 se
1311 3387 1469 3464 dominio,
1488 3405 1618 3463 uterque
1634 3389 1738 3452 modus
1755 3387 2021 3466 concpshonicsa·

466 3461 569 3540 bium,
599 3463 649 3530 vel
669 3483 788 3530 mutuo
814 3470 951 3540 accipere
976 3472 1135 3541 pecuniam
1155 3490 1226 3531 cum
1261 3488 1299 3529 ne
1320 3469 1465 3543 importat
1483 3473 1635 3542 propriam
1651 3469 1904 3548 alienationem,
1940 3492 2020 3543 unus

467 3542 620 3608 solutione
658 3545 730 3609 lueri
765 3543 968 3612 cessantis&
997 3546 1100 3610 damni
1129 3568 1225 3611 emer·
1261 3549 1333 3623 rei,
1362 3547 1441 3609 aster
1464 3550 1534 3610 iuris
1558 3594 1567 3623 ,
1591 3548 2021 3631 quodvetitumeslaleqe,

466 3628 567 3699 tentis
588 3643 681 3705 ,gtiee
702 3641 761 3701 pro
791 3626 847 3710 tali
877 3641 985 3688 mutuo
1012 3624 1146 3704 obligare
1176 3627 1225 3690 seu
1260 3647 1294 3690 ac
1312 3626 1436 3701 proinde
1452 3626 1513 3689 sine
1529 3624 1703 3701 Apostolico
1731 3627 1926 3704 beneplacito
1942 3633 2023 3700 talea

467 3704 499 3764 in
522 3703 735 3779 pigrioredare
757 3725 803 3768 res
824 3704 921 3767 sacras
942 3706 993 3767 seu
1014 3706 1164 3777 mobilia,
1190 3723 1224 3770 ut
1258 3704 1460 3769 concessiones
1476 3705 1542 3769 fieri
1564 3727 1719 3781 nequeunt
1739 3752 1746 3767 .
1768 3708 1897 3776 sivero
1914 3730 2019 3777 mute·

465 3781 604 3846 dacrevit
620 3780 701 3846 sacra
717 3783 922 3862 Congrepatio
934 3782 1066 3846 concilii
1081 3789 1112 3846 in
1122 3783 1223 3847 Romsi
1258 3784 1348 3849 datur
1372 3806 1472 3850 mertis
1497 3785 1531 3851 dt
1557 3789 1654 3850 nudus
1678 3787 1745 3851 usus
1774 3785 1842 3852 sassi
1865 3790 2017 3867 cipessae,

467 3878 495 3924 t.
517 3859 598 3937 Sept.
624 3863 714 3941 1689.
736 3862 769 3928 ἀ
799 3882 824 3928 a·
851 3860 957 3927 0slob.
989 3864 1076 3948 1672.
1102 3864 1224 3928 Ferrar.
1258 3862 1440 3941 sepultura,
1471 3867 1520 3930 vel
1548 3863 1630 3929 sundi
1658 3869 1773 3942 probis
1792 3870 2017 3944 construendis.

456 3957 525 4027 art.
543 3962 571 4021 4.
590 3961 621 4032 n.
644 3960 692 4019 35.
1259 3944 1307 4008 liic
1323 3945 1429 4009 modus
1448 3947 1629 4010 concedendi
1662 3968 1723 4010 non
1742 3950 1857 4026 indiget
1882 3948 2016 4014 solemni·

492 4020 577 4083 :Dixi
598 4042 633 4086 tir
649 4021 853 4101 particulari,
881 4023 951 4095 quia
968 4019 1030 4085 sine
1055 4023 1112 4087 tali
1134 4022 1223 4085 bene·
1259 4024 1374 4088 tatibus
1395 4044 1411 4086 a
1429 4028 1494 4089 iuie
1510 4025 1658 4102 requisitis
1678 4049 1731 4102 pro
1748 4028 1888 4107 legitima
1905 4032 2016 4094 aliena·

465 4099 581 4174 placito
606 4099 708 4166 facere
733 4104 853 4178 possunt
877 4101 1049 4180 Regulares-
1077 4100 1223 4183 hypothe·
1263 4101 1452 4168 tionesundi
1476 4106 1657 4183 immobilis,
1677 4129 1746 4170 curn
1768 4111 1835 4171 heri
1858 4107 2015 4188 poffit,&

463 4196 560 4254 cam,
587 4180 865 4258 obligationemque
912 4180 1064 4244 eueralem
1085 4187 1224 4245 oninium
1261 4183 1298 4245 de
1316 4181 1414 4262 sasso,
1434 4202 1468 4248 ut
1487 4202 1579 4250 notat
1601 4185 1648 4248 hic
1667 4187 1828 4264 ismarius,
1851 4188 1969 4267 tibique
1982 4191 2015 4253 sit

465 4254 616 4319 bonomm
636 4258 850 4334 Monasleriiq
909 4261 1136 4340 iasRegulares
1158 4263 1225 4326 nul·
1260 4262 1349 4327 nullo
1362 4270 1528 4341 impetrato
1545 4263 1636 4330 sacrae
1652 4268 1905 4347 congregationis
1923 4273 2016 4338 asseri·

463 4333 529 4396 liim
552 4345 679 4427 omniuo
716 4339 908 4404 contraslum
940 4337 1042 4404 facere
1079 4341 1226 4420 pulsent,
1260 4338 1319 4405 su.
1353 4342 1388 4405 ln
1410 4344 1467 4407 tasi
1489 4351 1571 4407 enim
1591 4349 1706 4424 modo,
1726 4352 1823 4413 utait
1843 4346 2016 4427 Bonacina,

464 4411 585 4506 dumio
609 4419 694 4507 omui
721 4420 882 4491 contrado
906 4420 1069 4493 apponitur
1092 4419 1225 4484 clausula
1259 4423 1471 4486 conceduntur
1488 4426 1589 4490 Laicis
1609 4426 1745 4502 Capellae
1761 4428 1812 4494 seu
1833 4429 2015 4506 sepulture,

462 4490 649 4569 obligatoria
669 4497 1001 4572 omiumbonorumt
1029 4497 1061 4562 dt
1087 4499 1150 4562 fine
1171 4500 1224 4564 hac
1261 4519 1314 4563 aut
1339 4499 1447 4566 sundus
1479 4526 1532 4580 pro
1560 4504 1626 4579 ipsis
1658 4508 1843 4572 aedificandis
1880 4510 1920 4576 ad
1951 4530 2017 4575 eum

461 4570 598 4637 clausula
623 4572 724 4637 nullos
751 4577 925 4663 invenirent
952 4576 1118 4641 creditores
1140 4626 1149 4653 ,
1171 4582 1222 4652 qui
1260 4579 1365 4659 usum,
1385 4582 1423 4645 ad
1440 4605 1529 4658 quein
1545 4583 1669 4651 suerunt
1686 4591 1852 4655 aedilitatae
1875 4591 1927 4655 vel
1950 4584 2016 4654 sunt

462 4656 505 4715 eir
526 4659 557 4716 iti
576 4650 632 4717 suit
650 4651 875 4718 necessrratibus
892 4658 1063 4719 succurrere
1084 4658 1224 4737 uellent,
1258 4660 1460 4725 aedisicandae.
1521 4697 1523 4700 v
1823 4720 1831 4728 ,.

462 4734 539 4807 quod
565 4753 618 4808 pro
632 4738 677 4797 eis
694 4737 783 4796 nimis
803 4733 911 4795 durum
927 4737 1002 4798 esset
1021 4758 1032 4811 ᾗ
1052 4735 1164 4800 idcirco
1180 4737 1224 4801 sa·
1294 4742 1407 4816 Quoad
1423 4743 1502 4807 bona
1521 4767 1596 4810 vero
1612 4746 1751 4827 mobilia,
1766 4771 1833 4826 quae
1851 4738 1915 4817 siue
1928 4752 2017 4829 Papae

463 4830 515 4878 cra
534 4810 741 4891 congregatio
755 4812 885 4875 Concilii
902 4814 1065 4902 decrerit,
1076 4814 1151 4903 telle
1168 4815 1224 4880 Fa·
1258 4818 1386 4884 scentia
1408 4823 1536 4888 alienari
1558 4846 1735 4903 nequeunt,
1755 4838 1825 4895 sunt
1851 4832 1935 4896 bona
1953 4852 2018 4906 prc-

463 4907 564 4964 pnano
593 4892 646 4954 sib.
674 4892 797 4956 Decret.
831 4895 863 4953 in
876 4913 947 4977 cap.
973 4894 1064 4960 Nidlt
1086 4894 1173 4959 liceat
1192 4915 1219 4974 p.
1258 4899 1356 4976 tins'a,
1378 4922 1445 4975 quar
1465 4906 1613 4969 servando
1628 4905 1740 4974 servari
1762 4910 1908 4991 possunt,
1929 4915 2018 4975 itaut

458 4966 730 5051 detesusbcclts.
753 4994 812 5036 mii
837 4970 925 5036 alies.
942 4977 1112 5048 generalem
1128 4975 1223 5052 lippo·
1257 4978 1323 5042 baec
1339 4980 1476 5045 alienare
1500 5005 1652 5059 nequeunt
1683 4992 1844 5065 nequidem
1860 5011 2016 5057 cumcon-

461 5045 586 5179 tlltcam
607 5071 668 5133 nup
687 5051 748 5123 esse
767 5055 811 5123 eis
834 5052 985 5136 verium,
1004 5057 1096 5126 m
1114 5055 1150 5121 iu
1169 5074 1223 5126 to.-
1238 5056 1344 5139 sensu
1367 5060 1545 5137 Definitoui
1574 5064 1607 5135 dt
1632 5070 1853 5150 approbatione
1881 5071 2015 5217 Catiirituli

507 5168 510 5176 -
1945 5172 1978 5219 e·
