4584 5992
723 531 805 587 uu
858 505 1270 582 Consuars
1323 504 1481 579 Car.
1530 506 1558 577 i.
1668 517 1670 520 ·

372 619 424 683 nis
446 611 645 691 sententiam,
672 629 731 685 qua
751 607 877 673 discolor
904 603 1069 672 frenabat.-
1101 606 1134 670 ἁ
1171 620 1280 669 catur.
1302 604 1352 668 Esl
1373 607 1455 668 enim
1467 603 1605 670 Censura
1623 605 1762 685 privatio
1781 605 1931 675 bonorum
2021 634 2025 643 ¹

376 698 444 761 nac
460 696 614 759 sententia
638 693 733 768 accipi
756 685 853 762 potesl
870 686 966 750 adlive
985 707 1026 749 ex
1048 704 1134 761 parte
1172 685 1396 762 spiritualium,
1424 706 1490 762 quie
1515 686 1584 750 laici
1607 709 1668 751 non
1694 686 1808 753 habent
1830 693 1860 752 in
1878 694 1928 755 lua

375 779 486 839 indicis
508 795 562 851 pio
581 768 647 851 ipsa
668 765 835 834 inflislione
856 786 976 843 poenae,
995 766 1028 830 ἃ
1042 764 1133 840 passi·
1172 764 1341 842 poteslare,
1357 786 1412 828 nec
1429 764 1552 838 proinde
1568 764 1685 831 auserit
1703 767 1844 842 possunt,
1861 791 1928 845 cap.

375 876 483 934 vepro
500 854 704 930 ipsodamno,
722 847 756 912 &
774 850 981 922 incommodo,
1001 847 1077 931 quod
1095 866 1133 907 ex
1171 844 1341 909 auditarum
1368 866 1395 923 5.
1415 844 1531 908 dislinc.
1569 848 1615 924 89.
1648 866 1715 923 cap.
1741 847 1930 911 Deterrimur

376 937 433 998 tasi
452 937 632 1010 punitione,
652 952 686 993 ac
706 924 861 1010 sementia
878 930 909 988 in
929 925 1134 999 teoresultat;
1171 945 1201 987 2.
1218 927 1253 989 de
1272 925 1368 988 liidie.
1390 925 1512 988 Dicitur
1534 941 1561 1003 3.
1574 926 1758 1005 spiritualis,
1778 932 1849 1004 quia
1871 925 1929 991 dis·
1969 960 1971 963 ·

375 1017 410 1081 ἀ
428 1018 459 1075 in
481 1014 537 1075 hoc
561 1009 689 1074 secundo
705 1005 791 1071 sensu
806 1002 933 1069 sumitur
950 1006 987 1069 ab
1004 1004 1134 1067 Ecclesia
1173 1003 1231 1068 sert
1254 1004 1389 1067 Censura
1413 1004 1617 1070 Ecclesiastica
1641 1030 1656 1070 a
1679 1014 1776 1084 poenis
1798 1013 1935 1080 exterio·-

376 1092 564 1158 vocabulum
585 1087 737 1167 censurat,
765 1086 914 1149 videlicet
936 1103 1026 1162 prout
1047 1082 1134 1161 signi·
1173 1084 1253 1147 ribus
1276 1132 1284 1160 ,
1305 1103 1380 1158 puta
1399 1089 1556 1161 carceris,
1586 1089 1669 1151 exilii
1693 1090 1765 1162 lito,
1786 1109 1857 1161 quas
1877 1087 1929 1149 de-

375 1172 448 1237 licat
464 1170 699 1244 concisionem,
719 1168 770 1250 seu
791 1186 844 1241 pro
872 1165 925 1227 illa
955 1183 1064 1239 prena,
1085 1159 1134 1226 seu
1171 1168 1269 1227 cernit
1287 1163 1321 1227 de
1348 1162 1458 1241 infligit
1483 1169 1582 1229 civilis
1602 1168 1750 1231 iaculans
1778 1165 1928 1241 poteslas.

378 1257 554 1331 privatione
580 1245 782 1327 spiritualium
808 1242 974 1321 bonorum,
1004 1265 1060 1319 qua
1082 1264 1134 1319 per
1171 1244 1294 1306 Dicitur
1314 1266 1341 1324 4.
1359 1244 1549 1306 Medicinalr's
1566 1267 1603 1309 eir
1620 1269 1684 1324 cap.
1704 1267 1731 1309 t.
1751 1246 1790 1309 de
1800 1246 1928 1324 sentent.

375 1335 561 1395 sententiam
583 1330 708 1392 alieuius
730 1327 772 1386 lui
797 1322 931 1404 ludicii,
959 1323 1132 1398 delinquen·
1171 1324 1422 1387 Excommiiiir'car.
1443 1329 1472 1385 io
1498 1326 1552 1402 6.,
1572 1330 1641 1403 quia
1667 1326 1801 1388 Censura
1830 1326 1932 1390 Eccle-

377 1406 723 1487 tei,cuntumaeel'que
745 1402 812 1467 suos
833 1403 913 1464 filios
932 1406 1077 1481 corrigit,
1099 1403 1131 1466 dt
1172 1402 1285 1466 siallica
1316 1425 1377 1468 non
1413 1403 1455 1467 esi
1487 1424 1577 1479 poeua
1609 1407 1800 1470 vindicativa
1832 1404 1930 1469 desidis

376 1489 521 1570 colligar.
541 1489 630 1553 Unde
1170 1487 1232 1545 iam
1250 1486 1366 1558 patrati
1388 1530 1396 1556 ,
1426 1480 1474 1544 sed
1497 1490 1597 1557 potius
1618 1487 1660 1548 ell
1696 1504 1786 1561 piena
1808 1486 1929 1548 medici·

331 1581 370 1633 ino
415 1569 547 1634 Censura
569 1572 657 1632 iuxta
687 1563 917 1641 Theologorum
945 1559 1132 1642 slylumde·
1171 1562 1425 1626 nalisinrendens
1455 1558 1828 1629 suturamcorredlionem
1850 1564 1928 1627 chri·

333 1650 458 1715 ¹⁸·srniri
478 1648 573 1724 potesl
586 1696 595 1726 ,
613 1646 663 1708 seu
680 1648 781 1720 potius
807 1640 952 1716 describi,
981 1646 1070 1705 Poeiia
1089 1663 1132 1706 ec·
1170 1642 1259 1704 sliani
1280 1642 1482 1717 delinquentis
1506 1691 1515 1718 ,
1545 1643 1618 1707 idesl
1651 1645 1851 1708 inobedientis
1873 1643 1930 1707 Ec-

380 1725 729 1869 clefiafficalpiriiuali's,
748 1744 783 1787 ric
802 1720 984 1786 medicinalis
998 1720 1061 1802 sori
1082 1744 1132 1787 eii·
1168 1719 1340 1786 clesraslicae
1361 1720 1502 1806 poteslari
1524 1723 1637 1801 aliquid
1660 1726 1710 1788 snb
1730 1719 1865 1787 Censura
1885 1726 1933 1787 iu·

381 1811 529 1874 serioriso
557 1827 683 1888 gravem
702 1807 817 1882 eulpam
837 1823 904 1866 ciem
932 1802 1133 1879 contumacia,
1168 1801 1294 1877 bentii,
1323 1815 1381 1864 aut
1404 1800 1621 1883 prohibentis;
1653 1802 1749 1870 fertur
1782 1806 1864 1865 enim
1893 1801 1932 1867 ad

376 1889 411 1955 ai
431 1891 609 1968 ecclesiastica
621 1888 754 1968 musteis
769 1883 857 1947 idaia
872 1882 913 1942 ad
934 1882 1131 1961 iempusfide·
1169 1879 1401 1956 avertendum,
1432 1885 1696 1962 revocandumque
1725 1885 1877 1948 hominem
1910 1902 1928 1946 a

378 1970 400 2034 li
428 1968 592 2047 baptizato,
624 1986 682 2046 qiie
711 1962 879 2025 immediate
905 1961 1044 2038 privatur
1076 1964 1132 2041 risit
1170 1978 1320 2039 peccato,
1351 1959 1424 2025 idesl
1446 1963 1483 2025 ad
1499 1967 1724 2042 corripiendum
1745 1964 1930 2037 delinquen·

377 2049 520 2128 praecipue
535 2049 700 2125 aliquorum
702 2042 904 2125 spiritualium
914 2039 1049 2103 bonorum
1059 2063 1132 2106 com·
1170 2060 1234 2105 tem
1265 2039 1452 2104 obstinatum
1479 2044 1510 2104 in
1540 2042 1592 2107 sua
1616 2046 1731 2121 culpa.
1771 2045 1928 2119 Quocirca

376 2130 512 2193 mersium
531 2124 738 2207 dispensationi
754 2123 888 2200 Ecclestae
906 2120 1132 2200 commi'fforiim,
1168 2116 1299 2184 Censura
1312 2140 1356 2205 'eii
1374 2120 1514 2186 Ecclesia
1532 2124 1706 2188 intentione
1726 2144 1786 2188 non
1800 2118 1845 2184 esl
1864 2143 1930 2198 per·

378 2210 464 2273 donec
478 2232 497 2270 a
511 2206 690 2269 contumacia
707 2203 835 2268 racemi.
1169 2218 1281 2277 petua,
1302 2201 1348 2263 led
1366 2201 1436 2263 tolli
1456 2201 1546 2265 debet
1563 2223 1580 2266 a
1597 2204 1758 2279 superiore
1773 2223 1843 2266 cum
1860 2221 1927 2266 teus

416 2283 537 2350 Dicitur
561 2308 586 2349 r.
605 2305 716 2366 poeaae3
749 2299 784 2346 ut
801 2278 1001 2362 distinguatur
1023 2283 1061 2346 ab
1083 2281 1125 2344 lr·
1168 2280 1196 2341 se
1217 2280 1425 2359 emendavit,
1457 2280 1491 2346 ἃ
1512 2280 1687 2346 satisfecit.
1716 2284 1799 2347 Hinc
1826 2280 1930 2344 dissin-

378 2370 685 2446 regularitate,quae
705 2384 743 2426 ex
772 2359 823 2424 sua
844 2368 965 2427 rarione
1012 2364 1132 2427 enerica
1168 2363 1273 2437 guitur
1292 2358 1426 2423 Censura
1448 2362 1698 2438 aDeposrtione,
1719 2365 1752 2429 ἀ
1774 2362 1930 2445 Degrade·
1965 2430 1971 2434 ,

378 2467 440 2510 non
461 2446 502 2509 esi
525 2465 616 2522 poena
637 2496 645 2521 ,
666 2467 736 2507 cum
751 2444 850 2506 omnis
871 2462 962 2517 poena
983 2385 1131 2520 sipponu
1170 2444 1274 2515 tione,
1292 2460 1360 2515 quae
1382 2440 1531 2530 cumsinr
1550 2445 1580 2505 in
1605 2465 1721 2509 meram
1744 2444 1933 2521 vinditiani.

376 2525 528 2605 eulpam,
558 2527 591 2591 dc
614 2545 718 2589 tamen
756 2522 856 2598 plures
883 2522 1130 2600 irregularitates
1168 2517 1428 2610 infligunturlpro
1449 2522 1592 2596 semper.
1623 2525 1681 2588 Per
1710 2523 1931 2600 depositionem

376 2606 602 2672 contrabuntur
618 2627 657 2668 eit
676 2604 738 2666 solo
759 2601 878 2665 desediu
894 2608 1028 2675 corporis
1049 2649 1058 2677 ,
1081 2602 1129 2662 vel
1168 2603 1275 2673 quippe
1291 2598 1428 2684 Clericus
1449 2604 1480 2661 in
1502 2619 1680 2677 perpetuum
1701 2607 1844 2680 privatur
1865 2625 1930 2667 om.

378 2688 489 2760 animi,
510 2685 570 2747 line
591 2684 655 2747 ulla
671 2686 779 2760 quavis
793 2683 884 2756 culpa
901 2705 909 2744 :
929 2677 1060 2743 Censura
1080 2700 1130 2741 ve·
1169 2679 1201 2762 iri
1221 2675 1408 2765 Bene-licio,
1439 2678 1472 2741 &
1495 2678 1596 2741 officio
1624 2682 1755 2746 clericali
1782 2682 1843 2747 sine
1867 2685 1931 2750 ulla

377 2785 413 2827 ro
433 2765 547 2839 semper
562 2760 702 2837 supponit
723 2761 842 2834 culpam
853 2805 864 2835 ,
883 2778 917 2821 ac
937 2760 1006 2820 ideo
1021 2759 1133 2841 dicitur
1170 2755 1219 2826 spe
1242 2773 1362 2829 veniae,
1383 2756 1501 2821 etiamsi
1526 2759 1562 2821 ad
1580 2761 1737 2825 meliorem
1764 2762 1881 2843 frugem
1903 2764 1932 2829 se

380 2862 472 2920 poena
491 2889 501 2920 ,
529 2858 564 2904 ut
582 2840 767 2916 significetur
786 2858 847 2899 non
870 2834 1054 2897 inserendam
1073 2838 1133 2897 elle
1170 2836 1314 2911 recipiat,
1335 2833 1368 2897 ἃ
1390 2833 1631 2903 sarissaslionem
1648 2837 1777 2905 asserat.
1800 2847 1855 2908 Per
1872 2845 1931 2908 De·

378 2921 433 2983 nisi
457 2938 579 2997 propter
600 2920 748 2995 culpam,
770 2937 827 2991 qua
849 2914 971 2990 proinde
988 2914 1132 2978 delicien·
1170 2912 1379 2990 gradationem
1401 2937 1477 2981 veto
1498 2921 1640 2994 privarur
1658 2924 1818 3004 privilegio
1840 2926 1929 2990 cleri·
2038 2947 2042 2954 ·

377 3015 410 3061 re
428 3000 510 3061 nulla
531 2998 656 3061 censura
679 2994 775 3073 potest
796 2999 888 3080 ligate
909 2995 1036 3074 fideles;
1058 2994 1132 3058 dici·
1169 2992 1251 3072 cali,
1274 3016 1308 3060 ac
1330 2996 1477 3073 redigitur
1503 2998 1540 3063 ad
1574 3002 1737 3067 Laicorurn
1759 3006 1923 3069 Ordinem.

377 3096 425 3143 ter
444 3083 527 3140 enim
544 3099 611 3150 cap.
633 3098 661 3139 2.
682 3077 718 3139 de
737 3076 844 3152 constit.
867 3093 957 3161 rem,
987 3095 1054 3156 qiiae
1069 3075 1132 3142 ciii·
1169 3074 1292 3139 Dicitur
1313 3095 1340 3153 5.
1368 3076 1437 3139 For-i
1453 3079 1606 3145 exterioris
1630 3107 1639 3161 ;
1666 3089 1737 3160 quia
1758 3085 1929 3150 huiusmodi

375 3176 412 3237 pi
432 3173 537 3232 rerer,
565 3155 597 3220 i'n
618 3160 758 3219 άανηηκη
774 3172 876 3217 uocari
901 3176 957 3220 nori
973 3158 1132 3233 conuenire
1171 3175 1260 3231 ptena
1282 3160 1395 3232 imponi
1422 3158 1510 3224 debet
1528 3161 1565 3226 ab
1584 3184 1648 3238 eo,
1677 3168 1728 3238 qui
1754 3165 1931 3230 iurisdidlio·

378 3241 411 3302 ὅ(
444 3241 474 3298 in
496 3237 552 3300 hoc
577 3242 728 3300 convenit
748 3256 878 3300 censura
903 3259 973 3300 cuin
992 3242 1063 3303 asiis
1086 3260 1133 3301 re·
1171 3256 1239 3321 nem
1257 3234 1347 3300 habet
1370 3243 1401 3300 in
1418 3238 1489 3305 soto
1507 3243 1644 3305 iudiciali
1664 3291 1672 3319 ,
1700 3244 1733 3307 &
1754 3250 1930 3309 contentio·

378 3316 431 3381 bus
449 3315 640 3395 poenalibus,·
660 3313 762 3379 dissert
785 3336 859 3378 vero
877 3339 894 3382 a
911 3338 1036 3393 peccato
1052 3340 1132 3381 mor·
1171 3317 1216 3379 so.
1240 3314 1331 3402 Unde
1348 3337 1467 3395 poenae,
1486 3342 1554 3395 quae
1572 3342 1590 3383 a
1610 3319 1801 3385 Conselsario
1825 3327 1858 3386 in
1881 3319 1897 3388 s
1916 3353 1932 3370 ·

378 3400 459 3473 tali,
489 3401 560 3470 quia
583 3399 657 3460 lieet
688 3418 739 3472 per
765 3396 842 3459 illud
872 3402 1010 3472 privetur
1043 3400 1134 3461 homo
1171 3415 1205 3457 ro
1220 3397 1417 3461 conscientiae
1434 3403 1657 3476 imponuntur,
1678 3422 1737 3463 non
1755 3402 1867 3465 habent
1885 3423 1931 3467 ra·

377 3480 475 3554 pratia
501 3475 535 3539 ἃ
572 3474 759 3554 charitate,
789 3474 823 3540 de
852 3477 889 3540 ab
918 3474 1134 3552 Eucharistia,
1173 3478 1289 3536 tionem
1319 3476 1481 3542 censurae.
1522 3479 1643 3543 Dicitur
1679 3483 1707 3541 6.
1737 3480 1778 3544 Oi
1803 3502 1931 3563 graveria

380 3557 566 3631 aliorumque
593 3556 863 3621 Sacramentorum
900 3558 1134 3633 participatione
1171 3555 1319 3640 culpamp
1344 3560 1443 3634 quia,
1475 3576 1510 3637 ut
1533 3559 1740 3626 iamdiximue
1765 3612 1774 3641 ,
1796 3587 1868 3629 cum
1893 3561 1931 3626 sit

377 3638 545 3712 repellatur
561 3672 578 3709 ,·
600 3659 661 3700 non
678 3659 781 3703 cairam
798 3636 840 3699 eli
864 3657 914 3712 per
932 3638 1056 3699 modum
1072 3655 1133 3713 poe·
1173 3654 1286 3711 poena,
1304 3638 1441 3711 supponit
1458 3639 1601 3714 culpam,
1621 3641 1698 3705 alias
1714 3644 1788 3707 ellet
1802 3640 1926 3719 iniussa,

379 3736 454 3794 nar,
486 3714 674 3795 sedeulpae,
706 3719 738 3783 dr
760 3717 828 3781 ideo
846 3737 906 3778 non
926 3717 967 3779 esi
988 3712 1133 3781 censura.
1172 3713 1208 3775 ad
1238 3710 1446 3780 differentiam
1472 3736 1538 3785 tum
1563 3717 1829 3805 irregularitatis,
1860 3744 1929 3801 quae
2023 3776 2028 3784 .

377 3796 533 3937 (iffuocirea
549 3816 631 3862 errae
650 3798 797 3875 Gabriel,
817 3798 888 3861 dum
912 3801 953 3860 ait
971 3800 1001 3858 in
1021 3795 1131 3876 4disi.
1170 3815 1239 3858 eum
1262 3816 1324 3858 non
1351 3793 1388 3860 sit
1421 3817 1512 3872 poena
1547 3803 1746 3866 contrahitur
1777 3825 1929 3869 nonnum·
1957 3876 1959 3879 Α
1999 3870 2004 3877 ,

379 3893 394 3939 r
418 3921 426 3937 .
448 3899 476 3952 q.
495 3895 524 3936 a.
548 3898 598 3950 per
617 3884 825 3955 quodcumque
843 3894 1001 3951 peccatum
1018 3894 1135 3939 morta·
1170 3894 1260 3948 quam
1279 3878 1374 3939 etiam
1389 3875 1430 3941 ob
1450 3880 1666 3953 inculpabilem
1685 3882 1835 3948 defessum
1854 3932 1864 3961 ,
1893 3900 1930 3947 ut

378 3955 405 4019 le
427 3974 619 4032 peecatorem
640 3965 791 4024 incurrere
813 3959 979 4020 Censorem
1003 4004 1012 4032 ,
1043 3958 1133 4017 nimi-
1171 3955 1347 4045 notavimus
1372 4003 1380 4031 ,
1410 3976 1477 4021 tum
1493 3961 1668 4024 cessationis
1689 3983 1705 4024 a
1732 3962 1845 4027 divinis
1864 3961 1931 4027 offi-

378 4056 443 4099 tuiu
459 4042 811 4103 excommunicationem
827 4040 996 4113 minorem,
1010 4035 1133 4111 &quod
1169 4052 1223 4096 ciis
1232 4079 1242 4110 ,
1262 4054 1280 4098 a
1300 4036 1406 4110 quibus
1427 4037 1575 4102 abslinere
1593 4041 1701 4105 debent
1718 4047 1814 4105 etiam
1831 4043 1931 4109 inion-

380 4120 520 4192 privetur
540 4138 590 4190 per
607 4120 682 4180 illud
703 4124 823 4197 gratia,
844 4116 877 4180 dt
900 4117 1067 4181 virtutibus
1090 4119 1130 4178 in·
1171 4130 1235 4189 tes,
1254 4117 1363 4177 nonin
1381 4136 1531 4193 poenam,
1558 4118 1656 4182 sedin
1674 4117 1789 4199 fignum
1809 4123 1926 4188 doloris

380 4194 467 4274 susis,
487 4192 600 4272 usuque
622 4196 737 4273 passivo
757 4198 1043 4271 Sacramentoruni,·
1064 4200 1132 4271 quia
1168 4192 1207 4255 ob
1224 4197 1365 4258 iniuriam
1386 4196 1527 4262 Ecclesiae
1548 4198 1688 4263 illatam.
1922 4264 1924 4267 .

379 4293 439 4337 non
465 4296 663 4353 quaecumque
693 4279 855 4355 indignitas
898 4276 933 4339 ad
964 4277 1133 4351 recipienda
1210 4273 1278 4334 Nec
1301 4275 1383 4337 valet
1407 4276 1455 4339 liic
1475 4277 1827 4353 dicere,Celsationem
1849 4284 1933 4348 a-di·

379 4353 575 4419 Sacramenta
591 4359 633 4421 eli
655 4356 788 4423 Censura
813 4404 821 4436 ,
843 4353 892 4419 sed
912 4377 978 4444 que
997 4377 1049 4430 per
1070 4376 1132 4431 poe·
1171 4355 1250 4414 vinis
1272 4352 1334 4414 esse
1352 4356 1544 4422 interditum
1567 4358 1686 4438 locale,
1704 4366 1782 4440 quod
1800 4362 1843 4428 esl
1861 4384 1931 4429 cen·

380 4455 448 4497 nam
470 4435 742 4516 Ecclesiaslicam,
771 4436 809 4501 ab
828 4436 1134 4511 Ecclesiasticapote·
1170 4431 1264 4510 sura,
1295 4436 1547 4510 quiaceslatioa
1573 4441 1696 4505 Divinis
1719 4445 1811 4507 indici
1832 4446 1931 4521 poteri

378 4513 618 4594 siateillatam,
647 4520 841 4582 incurritur.
871 4514 992 4580 ldcirco
1012 4515 1134 4580 ‘dicitur
1171 4510 1208 4577 ab
1235 4509 1379 4577 inferiore
1408 4514 1549 4582 adversus
1580 4520 1763 4597 superiorem
1793 4543 1933 4599 petino·
2012 4530 2014 4535 ‘
2041 4546 2044 4550 ¹

378 4611 500 4675 &prena
518 4599 821 4679 Ecclefiasti'ca,quia
841 4592 932 4677 infligi
956 4594 1139 4672 nequitnisr·
1170 4594 1241 4655 dum
1261 4592 1348 4682 iussae
1365 4595 1544 4663 defensionis
1569 4621 1609 4664 ex
1635 4602 1709 4678 Cap.
1726 4600 1875 4682 Quamuis
1894 4600 1932 4667 dr
2007 4607 2013 4613 '

377 4694 393 4737 a
415 4674 566 4752 potellate
584 4676 808 4753 Ecclesiaslica,
827 4676 860 4740 dt
877 4677 996 4752 quidem
1013 4695 1052 4737 ex
1069 4678 1133 4740 iure
1169 4674 1247 4752 Offic.
1268 4674 1425 4738 ordinarii
1445 4682 1475 4739 in
1496 4682 1524 4740 6.
1547 4679 1596 4745 ubi
1623 4681 1800 4759 Capitulum
1815 4681 1931 4743 Cathe-

376 4753 484 4819 divino
501 4762 593 4820 iuxta
610 4758 686 4820 illud
704 4755 848 4820 Matthaei
873 4760 918 4818 16.
938 4756 1134 4838 Quaecumque
1170 4752 1409 4819 draleEcclesiae
1441 4758 1575 4823 indicere
1609 4762 1704 4835 potest
1730 4761 1931 4824 cessationem

373 4834 571 4916 alligaveritis
585 4834 800 4916 superterram
821 4858 831 4912 ς
852 4835 885 4900 &
908 4836 1018 4911 18.,Si
1038 4840 1121 4901 Ecrle
1171 4854 1188 4897 a
1218 4834 1341 4898 Divinis
1370 4853 1479 4900 contra
1514 4839 1671 4914 personam
1700 4845 1794 4917 ipsum
1819 4841 1932 4904 iuiulle

371 4914 444 4991 fiairi
465 4913 1073 4999 nonsummumiilisscuifiiiii'cus,
1093 4916 1133 4982 dr
1170 4934 1380 4991 gravantem,
1407 4914 1625 4997 cuiuscumque
1656 4920 1708 4984 illa
1739 4918 1776 4983 sit
1798 4918 1934 5000 dignita·

378 4994 578 5075 Publicanus3
601 4999 657 5063 hoc
674 4997 716 5062 esl
737 5020 754 5062 a
771 4999 907 5061 fidelium
923 5001 1133 5059 communione
1172 4998 1233 5072 tis,
1252 4993 1285 5058 δι
1309 4999 1573 5072 praeeminentiaet
1593 4994 1728 5063 Censura
1747 5016 1852 5065 autern
1870 4998 1932 5066 set·

380 5073 571 5161 stirpatur,
588 5098 626 5148 ru
645 5081 693 5145 liic
712 5079 798 5148 iocus
814 5078 1019 5162 communiter
1038 5077 1135 5162 cipli
1168 5076 1196 5164 ri
1214 5095 1276 5149 ⁰91¹
1290 5070 1390 5161 potest
1404 5072 1461 5152 pisi
1476 5096 1497 5149 e
1511 5078 1672 5158 Superiore
1688 5080 1724 5151 iii
1738 5076 1933 5225 inferiorern.

882 5200 883 5203 ’
1831 5179 1894 5229 tem
