4584 5992
437 533 456 568 l
600 538 1485 618 nesteroRariores-ocnr.lll.

236 661 238 668 '
272 644 477 725 Monialium,
504 640 575 705 licet
602 645 724 703 ianuam
750 637 881 702 habeant
912 657 964 714 pro
984 635 1028 697 di·
1047 695 1048 698 ,
1064 645 1103 703 ris
1120 641 1246 703 licentia
1267 638 1348 716 &c.,
1372 644 1442 716 quia
1465 639 1561 704 adhttc
1581 639 1743 707 censentur
1764 643 1815 709 lob

269 728 321 793 sio
350 725 405 790 usu
434 724 529 784 etiam
563 721 599 783 ad
629 724 739 782 viam.
783 718 867 780 Nihil
901 734 1030 780 caetero-
1062 720 1811 802 oculosSuperioris.Hortivero,viridariadtc.
1837 728 1861 755 Χ
1916 737 1921 739 ’

277 810 353 885 quin
369 803 471 868 officit
496 802 575 876 quod
600 800 679 863 horti
703 798 919 875 Religiosornm
934 814 1029 887 quati·
1063 798 1199 878 separata
1216 820 1232 861 a
1256 802 1346 875 leptis
1366 799 1543 861 Monaslerii
1561 801 1627 873 ,ad
1649 825 1715 877 quse
1734 805 1814 863 scili·

275 890 375 961 doque
406 882 473 956 sepe
503 896 624 944 tantum
648 928 656 955 ,
683 899 743 942 non
773 899 861 941 muro
885 876 943 939 sint
974 895 1029 937 cst·
1061 899 1191 945 cernon
1217 895 1300 952 paret
1325 879 1425 942 aditus
1450 880 1640 943 immediatus
1665 902 1682 943 a
1703 883 1812 945 Mona·

275 964 479 1037 cumvallati,
506 978 541 1022 ut
567 962 718 1037 contingit
746 962 776 1019 in
809 956 940 1033 pluribus
961 954 1029 1015 hor·
1063 960 1141 1023 steni
1157 958 1313 1033 clausura,
1333 975 1452 1020 certum
1477 956 1519 1019 esl
1540 976 1600 1020 nnn
1620 961 1813 1037 comprehen·
1902 990 1907 999 ι

274 1049 315 1108 tis
348 1045 402 1106 PP.
436 1041 708 1116 capuccinoruni;
748 1040 842 1113 quia,
875 1052 910 1097 ut
940 1049 1028 1096 notat
1062 1040 1092 1102 di
1114 1039 1166 1101 l'nb
1190 1041 1312 1120 nomine
1340 1036 1534 1114 Monaslerii,
1557 1036 1609 1101 sub
1628 1058 1688 1113 quo
1712 1040 1813 1102 eaelo·

242 1163 246 1176 ‹
271 1123 467 1193 Passerinus,
496 1117 600 1181 nullibi
622 1121 654 1179 in
676 1122 740 1179 iore
764 1136 890 1179 cautum
910 1114 973 1188 est,
993 1131 1028 1173 ot
1065 1118 1216 1193 lummodo
1234 1119 1329 1192 spatia
1348 1118 1642 1189 comprehenduntur
1660 1134 1815 1193 tamquam

272 1199 423 1267 Clausura
443 1200 480 1262 lit
501 1198 697 1272 undequaque
716 1196 900 1259 circumdata
923 1213 1029 1266 mum,
1064 1201 1143 1262 illins
1172 1218 1258 1272 pars,
1285 1217 1351 1271 quae
1381 1198 1487 1258 eodem
1516 1197 1631 1261 ambitu
1663 1196 1734 1259 lunt
1753 1200 1814 1265 cir·

274 1278 395 1349 tunetsr
416 1280 473 1343 hoc
490 1298 542 1354 pro
568 1272 786 1355 Religiosorum
811 1273 972 1336 securitate
993 1270 1029 1334 sit
1061 1276 1279 1350 cumvaliata,
1309 1296 1375 1340 non
1401 1293 1504 1336 autem
1530 1278 1625 1353 spatia
1649 1280 1815 1355 separata,

274 1361 533 1438 convenientius,
551 1357 598 1421 Ad
617 1357 674 1418 hnc
688 1359 769 1419 enim
786 1373 819 1416 nt
839 1355 940 1430 horti,
957 1372 1029 1437 quo·
1043 1386 1049 1435 1
1062 1379 1129 1426 quae
1151 1355 1218 1417 sunt
1241 1355 1276 1417 de
1293 1344 1565 1417 iuresnsonasserii.
1589 1357 1635 1420 Sic
1653 1357 1814 1433 Donatus,

225 1471 230 1478 ·
273 1443 493 1514 modocumque
519 1434 611 1499 claust
640 1436 717 1512 lint,
746 1431 809 1497 slve
833 1453 939 1507 muro,
965 1432 1244 1509 stve'Navatrus,
1267 1434 1402 1518 Sanchez
1427 1440 1514 1497 citati
1545 1436 1592 1498 hic
1623 1457 1640 1498 a
1666 1437 1810 1499 Rotario.

273 1521 361 1595 sepe,
379 1516 443 1583 sive
462 1518 562 1593 ligneo
579 1517 740 1592 repagulo,
767 1515 904 1575 dicantur
926 1532 960 1574 ac
976 1530 1028 1572 ex·
1064 1520 1098 1580 ln
1116 1518 1170 1578 hoc
1188 1520 1270 1576 enim
1290 1513 1372 1576 sensu
1390 1514 1622 1590 intelliguntur,
1645 1536 1679 1576 ac
1699 1514 1815 1577 intelli·

274 1616 343 1666 tent
362 1601 442 1661 intra
455 1596 651 1670 Claulnram,
667 1593 861 1666 sufficitqood
878 1593 1029 1666 Superior,
1062 1596 1158 1675 genda
1180 1590 1248 1656 sunt
1274 1596 1398 1654 nomina
1425 1596 1626 1669 Monadrrt'a,
1652 1599 1760 1655 Domus
1781 1592 1815 1657 ἃ

274 1681 311 1744 ad
329 1696 418 1755 quem
436 1675 545 1751 speslat
566 1670 724 1737 Clausurae
754 1671 906 1748 designare
935 1672 1032 1744 lines,
1062 1683 1141 1740 Loca
1161 1673 1297 1757 eupress'd
1321 1677 1351 1734 in
1371 1670 1460 1738 Bulla
1475 1672 1614 1751 Gregorii
1634 1672 1721 1734 Xlll.
1743 1695 1815 1747 quo·

273 1777 378 1823 eorum
399 1756 544 1817 ambitum
573 1759 655 1817 intra
676 1752 845 1818 clausuram
865 1748 1030 1814 constitut·
1064 1758 1099 1820 ad
1119 1753 1317 1826 Clauluram,
1348 1772 1455 1826 nempe
1484 1773 1537 1826 pro
1567 1751 1625 1815 stru
1645 1752 1678 1816 dt
1700 1752 1816 1815 ambitu

273 1841 336 1902 rit.
361 1836 470 1909 Neque
501 1837 703 1898 communiter
732 1832 904 1894 admittitur
927 1831 1030 1900 opinio
1064 1833 1260 1911 pofrto'intra
1284 1830 1387 1907 septa,
1413 1832 1571 1906 inquibus
1604 1830 1814 1910 Religiostde·

273 1916 467 1992 Rodriquez,
487 1917 538 1989 qui
566 1916 597 1976 in
618 1912 796 1989 explicanda
826 1910 915 1972 Bulla
937 1910 964 1971 S.
987 1910 1028 1969 Pii
1045 1931 1158 1994 ,gunt3
1172 1898 1247 1973 lton
1272 1908 1353 1973 secus
1378 1912 1446 1974 aliae
1476 1911 1580 1974 domus
1600 1910 1633 1977 δι
1657 1912 1817 1987 loca,qnae

273 1996 311 2057 V.
339 2016 370 2057 n.
392 2011 421 2055 2.
447 1997 511 2070 ait,
529 1992 608 2067 quod
631 1991 735 2056 stando
757 1995 787 2053 in
806 1991 905 2067 rigore
926 1990 1029 2053 termi·
1044 1996 1048 2038 i
1063 1999 1131 2057 tunt
1151 1990 1188 2052 de
1207 1996 1270 2053 iure
1286 1991 1481 2053 Monasserii,

273 2096 382 2138 norum
403 2071 532 2135 eiusdem
559 2071 681 2149 Bullae,
710 2072 790 2133 horti
814 2091 873 2131 non
896 2087 1028 2144 compre·
1102 2071 1193 2133 Unde
1222 2071 1372 2147 sequitur,
1399 2071 1568 2146 Grancias,
1595 2086 1690 2144 neque
1710 2068 1816 2131 domos

273 2154 446 2218 henduntur
467 2151 517 2213 sub
547 2155 667 2214 nomine
688 2148 866 2226 Clausurae,
893 2170 933 2213 eo
960 2153 1029 2222 qnia
1064 2152 1198 2228 rurales,
1219 2153 1254 2213 ad
1275 2172 1347 2225 quas
1369 2152 1546 2226 quandoque
1565 2152 1713 2215 accedunt
1731 2150 1816 2211 Reli·
1859 2182 1863 2190 ·

273 2233 355 2298 horti
377 2253 438 2295 non
463 2232 521 2292 lint
547 2254 601 2295 nec
629 2228 922 2296 Monasletiumnec
948 2233 1028 2290 inte·
1062 2232 1133 2312 gioli
1155 2235 1353 2293 recreationis
1372 2233 1490 2307 gratia,
1520 2252 1575 2292 nec
1596 2227 1737 2302 quasdam
1764 2227 1818 2290 do·
1898 2299 1900 2304 ,

273 2318 335 2378 rior
358 2313 440 2375 illius
456 2309 599 2387 officina,·
621 2313 652 2375 &
673 2333 742 2375 cnm
763 2312 850 2371 limus
872 2312 902 2370 in
923 2304 1029 2371 odiosis
1063 2333 1144 2385 mos,
1161 2331 1234 2386 quas
1251 2308 1423 2372 residentiae
1445 2328 1558 2372 vocant
1577 2312 1630 2371 PP.
1652 2309 1817 2370 Societatis
1891 2307 1898 2330 ³

274 2412 321 2455 res
344 2413 404 2453 non
421 2390 462 2453 esl
482 2392 672 2466 amplianda.
689 2392 805 2452 Verum
821 2410 890 2450 cum
907 2390 1029 2450 nomine
1045 2394 1048 2437 l
1065 2388 1147 2463 lesu,
1168 2393 1322 2461 contineri
1339 2387 1390 2451 lob
1413 2389 1524 2464 legibus
1545 2387 1723 2462 Clanlurae‚·
1744 2392 1818 2461 quia
1915 2399 1918 2404 ’

228 2542 238 2558 X
273 2471 453 2543 Monaslerii
485 2475 621 2534 virorum
650 2475 854 2533 communiter
882 2470 1030 2541 interpre·
1065 2463 1817 2548 locaisla,utnotatDonatus,luntmeresae·

246 2566 248 2569 ’
273 2569 378 2615 tentor
400 2550 467 2611 DD.
489 2552 618 2630 intelligi
647 2550 681 2616 ὃ(
703 2548 918 2627 comprehendi
939 2566 977 2610 ea
996 2564 1029 2607 ο·
1062 2548 1201 2625 eulatia,
1224 2547 1323 2621 nepufe
1337 2549 1384 2610 iiic
1409 2547 1536 2608 habetur
1556 2547 1657 2607 cultus
1678 2546 1710 2608 dt
1733 2541 1818 2621 disci·

272 2636 356 2693 mnia
370 2678 377 2704 ,
393 2651 459 2703 quae
476 2647 623 2693 contenta
641 2631 708 2691 sunt
728 2633 808 2691 intra
828 2626 909 2698 septa
926 2623 1028 2689 &arn-
1064 2630 1147 2704 plina
1169 2629 1343 2705 Regularis,
1373 2645 1467 2701 neque
1496 2629 1609 2700 pariter
1639 2624 1677 2686 ibi
1704 2623 1820 2699 semper

268 2710 369 2773 bitum
389 2707 588 2783 Monasserii,
617 2729 683 2784 quae
705 2729 764 2770 tina
785 2703 923 2780 clatrsura
944 2704 1028 2765 clau·
1064 2708 1203 2770 habitant
1226 2705 1366 2783 Religiosr
1388 2702 1533 2767 familiam
1554 2703 1818 2781 Regularemton·

268 2789 405 2860 duntur,
427 2805 461 2848 ae
486 2787 664 2860 separantur
686 2808 704 2848 a
725 2786 840 2871 reliquo
864 2784 923 2847 litu
946 2784 1030 2844 iaicis
1066 2788 1230 2851 slitoentes
1250 2785 1400 2850 diversam
1417 2783 1454 2845 ab
1470 2786 1536 2844 aliis
1553 2783 1701 2846 domibus.
1726 2784 1817 2843 Sectis
1897 2807 1901 2822 ··

242 2877 245 2882 ’
269 2867 448 2938 communi3
478 2863 546 2926 hinc
567 2868 597 2925 in
625 2868 721 2941 rigore
750 2864 894 2926 sermonis
924 2862 1027 2926 hort0⁴
1067 2887 1140 2931 vero
1162 2868 1319 2929 dicendum
1343 2865 1363 2927 si
1386 2865 1450 2926 liaec
1476 2863 1541 2926 loca
1564 2863 1692 2925 habeant
1714 2863 1818 2926 Eccle-

271 2965 342 3008 rum
359 2943 430 3006 situs
453 2942 593 3006 dicendus
612 2942 654 3006 est
674 2963 739 3019 pars
750 2940 953 3019 Monaslerii,
969 2962 1029 3004 non
1065 2946 1136 3009 stam
1156 2945 1364 3020 coniunsiam,
1392 2939 1508 3021 pulsent
1527 2963 1711 3018 campanas,
1739 2942 1817 3005 cele·
1872 2987 1874 2990 .

268 3022 356 3085 secus
376 3043 411 3105 {lc
429 3025 576 3085 interiora
590 3020 905 3096 cortilia&plateae,
926 3042 1028 3096 quani·
1063 3024 1154 3090 brerit
1175 3028 1279 3088 divina
1294 3023 1422 3098 officia,
1454 3042 1525 3084 nam
1548 3043 1622 3085 tunc
1647 3027 1820 3085 nominem.
1884 3058 1890 3073 .

266 3101 408 3187 νίεῂε
430 3123 546 3175 quoque
569 3100 696 3178 rigorose
725 3100 873 3175 loquendo
894 3101 951 3161 dici
976 3122 1028 3162 ne·
1063 3126 1143 3182 nus,
1165 3127 1224 3167 non
1244 3112 1312 3169 se‘a
1334 3108 1437 3181 parvis
1458 3102 1626 3177 discrepant
1644 3102 1820 3163 'Consenti-

264 3190 385 3255 queant
414 3199 508 3266 {itque
536 3180 772 3252 Monastflfiliffi‚
798 3198 894 3250 neque
915 3181 1026 3242 MOna·
1062 3187 1137 3261 bus,
1159 3187 1269 3249 idcirco
1286 3180 1388 3246 iisdem
1409 3181 1608 3245 subiciuntur
1631 3182 1765 3258 legibus,
1786 3178 1820 3241 dc

267 3258 354 3321 sierii
373 3258 516 3341 officinas
540 3259 577 3323 Et
596 3265 639 3324 ita
661 3260 697 3322 de
723 3259 816 3321 hortis
841 3258 1032 3327 Monaslerio
1062 3265 1173 3327 exinde
1189 3263 1311 3327 suslinet
1332 3264 1487 3326 Prioratus
1500 3310 1508 3336 ,
1523 3282 1593 3335 ecs,
1612 3281 1685 3334 quos
1707 3258 1818 3320 habent

267 3342 472 3412 incorporatis
494 3339 630 3403 sentiunt
652 3361 686 3401 ar.
703 3337 835 3412 docent,
852 3353 960 3412 nempe
980 3340 1026 3400 lu·
1063 3345 1205 3407 Monachi
1224 3344 1260 3404 D.
1277 3341 1431 3405 Benedidli
1447 3341 1479 3403 &
1497 3339 1536 3400 D.
1557 3337 1720 3410 liernardi,
1737 3357 1820 3400 com·

267 3416 380 3481 bieslos
402 3420 462 3478 elle
482 3416 635 3481 Claulurae
651 3467 658 3494 ,
674 3418 849 3488 Bonacina,
867 3419 1028 3490 Lezzana,
1063 3424 1206 3497 prehendi
1227 3422 1279 3484 sub
1300 3424 1413 3498 legibus
1429 3419 1598 3492 clausurae,
1623 3434 1730 3491 utpote
1750 3417 1819 3490 quia

230 3503 248 3511 ’
266 3496 424 3570 Sanehez,
447 3498 555 3559 Palaus
574 3519 642 3561 com
659 3497 742 3558 aliis.
766 3496 806 3559 Et
829 3501 874 3558 ita
892 3498 1027 3563 declara·
1063 3502 1129 3563 lunt
1149 3521 1243 3575 parva
1266 3497 1455 3562 Monasseria
1468 3544 1476 3572 ,
1491 3500 1521 3556 in
1543 3496 1649 3579 quibus
1667 3497 1817 3558 Monachi

270 3581 321 3640 vir
342 3573 424 3639 sacra
445 3574 624 3655 Congregat.
645 3576 812 3651 Episcopor.
835 3576 867 3637 ἃ
885 3575 1026 3651 Regular.
1065 3597 1278 3655 permanenter
1299 3575 1449 3654 resident,
1471 3574 1505 3639 dt
1527 3577 1709 3656 Regularem
1735 3576 1818 3637 dilci·

270 3658 380 3719 inuna
398 3656 587 3718 Dominitan.
608 3675 657 3736 24.
680 3658 775 3732 April.
800 3654 885 3731 1582.
905 3656 935 3715 in
949 3656 1028 3716 Lau·
1064 3662 1175 3731 plinam
1205 3655 1438 3732 compossibilem
1463 3677 1531 3717 cum
1560 3657 1677 3731 modico
1706 3655 1818 3717 Mona·

265 3735 350 3797 dent.
374 3750 420 3813 13.
441 3734 522 3811 Sept.
548 3735 633 3814 1583.
652 3735 684 3799 dt
704 3758 733 3796 tn
755 3734 864 3796 Arben.
897 3747 930 3812 3·'
949 3731 1025 3795 lunii
1063 3739 1188 3801 chorum
1210 3758 1336 3799 numero
1355 3735 1534 3798 observant.
1554 3732 1601 3807 Sle
1624 3734 1729 3798 Sanch.
1747 3756 1818 3798 cum

267 3818 361 3877 1606.
391 3816 481 3876 Setos
504 3834 578 3878 vero
602 3817 622 3875 li
645 3816 724 3876 horti
747 3813 780 3877 dt
814 3812 956 3875 viridaria
977 3812 1026 3876 vel
1063 3817 1521 3881 aliiscitatishicaRotano.
1587 3810 1594 3847 ἵ

267 3912 357 3969 prata
378 3893 516 3967 separata
533 3892 790 3957 sintaClaulura
810 3890 943 3956 clavi&
963 3913 1026 3954 mu·
1102 3894 1273 3960 Difficultas
1288 3898 1361 3958 oriri
1383 3895 1498 3970 potesl,
1521 3895 1712 3957 numenoio
1728 3911 1817 3953 mtrro
1912 3918 1915 3923 ·

268 3993 306 4035 ro
329 3975 551 4036 convenienti.
581 3973 628 4036 lta
651 3972 715 4036 ead.
735 3970 819 4036 sacra
844 3970 1025 4049 Congregat.
1061 3977 1218 4042 Claulurae
1241 3977 1342 4038 licitus
1359 3979 1394 4035 lit
1418 3975 1561 4050 inpressos
1582 3973 1616 4037 dt
1634 3972 1817 4034 introdusiio

268 4051 312 4114 Et
329 4052 387 4115 ltoc
405 4056 502 4116 etiam
513 4053 691 4131 dicendum,
708 4057 795 4114 iuxta
813 4054 1027 4114 limitationem
1062 4057 1196 4118 mulieris
1215 4061 1244 4117 in
1262 4056 1360 4115 locum
1381 4075 1419 4116 ex
1437 4058 1513 4114 muri
1532 4059 1620 4114 ctrina.
1637 4054 1747 4125 cuique
1764 4070 1815 4127 pa·

226 4173 241 4188 c
266 4131 440 4209 Passerini,
467 4132 503 4193 de
529 4132 700 4208 quibusdam
732 4129 1027 4195 hortisMonaslerio
1063 4153 1204 4207 tentem,
1226 4132 1368 4194 videlicet
1390 4133 1606 4205 numamplios
1625 4136 1654 4191 in
1676 4131 1729 4192 illo
1749 4129 1818 4193 loco

265 4211 457 4291 coniunslis,
477 4215 526 4284 qui
547 4234 616 4275 cum
639 4212 771 4273 multum
791 4211 1027 4285 extendantur,
1063 4216 1165 4290 vigeat
1196 4215 1242 4273 lex
1264 4211 1426 4273 claulutae.
1450 4210 1484 4270 ln
1506 4214 1558 4271 tali
1588 4210 1659 4273 casu
1677 4209 1754 4282 ¹vult
1785 4211 1814 4270 Ρ.

266 4295 364 4354 maior
386 4291 506 4352 illorum
524 4312 591 4366 pars
611 4292 730 4355 locatur
747 4287 963 4365 sacularibus,
990 4307 1025 4352 ot
1062 4294 1177 4356 Henno
1202 4292 1240 4354 ibi
1270 4312 1330 4352 non
1356 4292 1487 4366 amplius
1508 4290 1567 4352 elle
1593 4287 1826 4354 observandam,
1921 4307 1923 4312 ·

267 4365 363 4433 refert
402 4370 548 4432 Rotatius
582 4372 619 4433 de
661 4372 753 4433 horto
784 4370 966 4433 Conventus
995 4370 1023 4431 S.
1061 4371 1254 4444 clausuram,
1283 4369 1347 4431 sive
1373 4371 1445 4432 data
1472 4390 1564 4443 opera
1586 4368 1818 4444 pariesdeslru·

266 4446 350 4511 Sitrti
371 4449 479 4512 Romae
489 4495 499 4526 ,
521 4451 569 4512 ubi
588 4450 623 4513 ad
642 4449 727 4511 illam
748 4466 867 4524 partem
892 4450 1024 4512 locatam
1061 4452 1122 4514 sius
1140 4449 1195 4526 stt,
1218 4450 1280 4515 sive
1298 4469 1349 4524 per
1366 4451 1489 4527 aliquod
1508 4450 1645 4513 accidens
1666 4445 1758 4511 faetus
1774 4446 1817 4507 di·

266 4527 480 4607 ingrediuntut
504 4529 667 4603 mulieres,
686 4525 835 4605 famular,
862 4527 1022 4593 &uxores
1062 4551 1170 4593 rurus.
1190 4529 1390 4592 Contrarium
1412 4548 1515 4591 tamen
1537 4527 1630 4591 sentit
1653 4530 1684 4590 P.
1710 4527 1816 4588 ferra·

264 4605 469 4672 iotantium.
502 4608 598 4686 Igitur
623 4606 668 4670 isli
700 4609 781 4672 horti
807 4628 867 4669 non
897 4607 1022 4681 persesle
1062 4617 1119 4686 ris,
1142 4607 1261 4684 quando
1280 4631 1384 4670 murus
1406 4606 1560 4671 Clausurae
1589 4607 1757 4670 materialis
1777 4624 1816 4665 ex

266 4691 424 4761 pertinent
450 4687 486 4751 ad
509 4690 677 4752 clausuram
697 4706 843 4763 quantum
868 4689 905 4749 ad
933 4693 1018 4765 impe«
1061 4690 1217 4754 accidente
1242 4690 1357 4750 dirutus
1387 4687 1450 4765 stt,
1477 4709 1546 4751 cum
1576 4686 1690 4760 semper
1722 4704 1818 4745 tensa·

266 4765 393 4830 diendas
409 4768 552 4830 mulieres
569 4779 608 4832 ne
626 4769 694 4831 illos
720 4769 946 4845 ingrediantur3
974 4765 1033 4830 sed
1061 4788 1152 4833 neant
1168 4766 1367 4831 fundamenta
1383 4818 1390 4845 ,
1409 4787 1478 4844 quae
1497 4768 1565 4829 lunt
1593 4768 1703 4827 limites
1723 4761 1816 4824 Clau·

265 4844 467 4920 inquantum
486 4849 522 4909 ad
541 4848 616 4925 hoc,
630 4848 710 4924 quod
728 4846 869 4924 Religiosr
887 4848 922 4909 ad
952 4847 1022 4910 illos
1063 4854 1138 4913 lnrae
1158 4853 1218 4911 iarn
1236 4846 1339 4923 positae
1353 4856 1362 4918 ,’
1382 4869 1470 4922 quam
1488 4868 1548 4908 non
1566 4844 1661 4917 potest
1678 4843 1818 4917 Superior

264 4942 414 4991 exeuntes
429 4927 490 4989 line
509 4926 680 5002 Superioris
702 4928 827 4989 licentia
848 4924 881 4990 dt
903 4927 1023 4990 benedi·
1062 4930 1166 4991 localis
1185 4931 1324 5004 variare,
1341 4928 1373 4990 ἀ
1392 4929 1457 4990 loca
1469 4923 1666 4999 Monaslerii,
1687 4922 1817 4997 ueprius

227 5071 229 5076 ,
264 5002 387 5082 stione,
407 5024 469 5067 non
486 5005 629 5071 dicuntur
650 5010 802 5070 incurrere
820 5025 926 5080 poenas
949 5027 1022 5072 con·
1059 5026 1257 5085 reputantur.
1276 5009 1417 5083 Ameno,
1433 5004 1624 5069 Mattheucci
1641 5022 1711 5066 cum
1728 5001 1814 5062 aliis.

263 5099 315 5154 tra
333 5104 484 5176 exeuntes
500 5105 589 5150 extra
608 5085 785 5149 Clausuram
802 5080 1022 5167 finesuperio·
1059 5088 1098 5156 Et
1127 5109 1238 5157 revera
1269 5085 1350 5155 sacti
1379 5084 1583 5163 consissitio
1612 5084 1646 5147 in
1672 5078 1816 5144 slffllilbll‘

339 5166 433 5245 lipsii.
450 5165 552 5232 Theoi.
568 5167 678 5235 Mores.
695 5164 788 5232 Tom.
805 5163 861 5253 Ἦ.
1447 5162 1479 5227 Y
1721 5179 1773 5227 ca·
