4584 5992
583 365 623 410 ”d

584 547 651 623 o’n
685 550 869 623 Srinu
908 545 1211 652 ttirioroio
1249 549 1369 625 Cir.
1397 553 1460 623 IV.
1675 555 1751 652 389
1855 621 1860 641 ,

231 655 236 668 '
262 653 331 723 sunt
360 653 393 715 in
423 647 511 714 Rulli
539 646 567 711 S.
596 650 639 711 l‘ii
670 648 706 709 V.
731 645 886 727 Pastoralis
914 643 1017 723 officit,
1050 644 1227 724 consulere,
1246 668 1282 714 ac
1299 650 1423 727 proinde
1443 671 1504 715 non
1524 671 1708 718 concurrere
1728 654 1802 717 alio·

260 753 331 812 qure
356 731 455 808 sunt,
487 732 640 793 incurrere
666 729 1017 798 excommunicationem
1051 749 1119 791 rum
1135 729 1246 806 errori,
1267 731 1339 806 quia¹
1361 727 1419 795 hoc
1439 731 1513 794 esset
1534 731 1804 811 illum-approbare

222 881 227 890 ,
256 817 353 892 Papo
376 808 583 881 reservatam,
608 810 695 870 cuius
726 805 944 895 absolutionem
972 819 1017 866 et·
1052 823 1088 872 ut
1118 826 1241 884 excep
1266 812 1363 874 Error.
1388 825 1416 890 3.
1437 809 1504 874 disi.
1525 809 1573 892 87.
1599 810 1672 875 Non
1691 813 1735 878 est
1757 830 1805 878 gg.

258 896 329 959 iam
349 888 490 956 Ministro
509 887 543 954 dt
566 885 776 949 Commissario
794 882 940 948 Generalt
967 902 1018 958 po·
1051 906 1120 950 men
1150 885 1357 966 denegandum
1383 905 1493 960 votum
1516 893 1542 953 ei
1565 939 1573 967 ,
1602 893 1652 965 qui
1677 912 1716 957 ex
1740 889 1805 956 sola

253 972 327 1040 -sier
348 964 497 1036 commisit
518 966 688 1045 Gregorius
707 962 794 1027 xiii.
811 966 842 1026 in
858 962 910 1026 lua
929 960 1018 1023 Bulla
1051 967 1271 1032 Sacramentali
1302 967 1484 1034 consessione
1505 971 1640 1048 indignus
1661 970 1806 1049 dignosci·

260 1047 437 1131 Consumit.
460 1046 537 1111 Haec
559 1062 664 1110 tamen
685 1046 835 1121 praecipue
856 1039 1018 1120 respiciunt
1053 1060 1125 1123 tur,
1154 1066 1223 1109 cum
1254 1051 1285 1108 in
1306 1047 1373 1113 soro
1391 1064 1525 1113 externo
1548 1045 1707 1125 frangatur
1728 1048 1806 1129 sigil-
1899 1115 1901 1126 ,

260 1127 501 1198 ¹Franciscanoa·
523 1128 683 1201 Quintum
704 1144 780 1188 vero
798 1121 836 1185 ad
852 1119 1017 1200 Regulares
1051 1124 1115 1187 ium
1130 1123 1340 1203 consessionis,
1366 1126 1399 1193 dc
1423 1124 1568 1193 conscisio
1583 1126 1688 1193 odiose
1703 1128 1805 1195 redda-

266 1207 528 1274 indiscriminatim
559 1226 612 1283 per
646 1203 811 1267 Decretum
850 1201 1017 1265 Clementis
1053 1221 1133 1279 tur;
1165 1202 1277 1270 idcirco
1301 1208 1354 1285 qui
1382 1207 1438 1272 lroc
1464 1208 1563 1271 medio
1594 1208 1806 1288 indignitatem
1897 1213 1903 1222 '

255 1288 350 1354 vili.
382 1285 514 1350 relatum
533 1288 567 1348 in
586 1283 677 1349 Bulla
708 1282 756 1344 28.
784 1278 901 1369 Urbani
930 1277 1016 1341 Vill·
1051 1282 1180 1364 eligendi
1206 1284 1362 1363 agnoscit,
1391 1284 1422 1350 se
1444 1307 1549 1366 gerere
1569 1287 1657 1349 debet
1687 1290 1718 1349 in
1740 1283 1806 1349 foro
1928 1319 1936 1328 -

265 1373 355 1438 Serra
373 1364 559 1444 Constituto,
588 1365 752 1440 privantur
780 1359 889 1440 officiis
909 1356 1016 1423 obten·
1050 1379 1201 1438 externo,
1222 1385 1284 1428 non
1304 1365 1384 1429 i'ecus
1404 1386 1438 1430 ac
1455 1364 1474 1427 sr
1492 1365 1549 1431 hoc
1569 1366 1578 1425 i
1600 1382 1742 1430 noraret.
1764 1366 1804 1429 Et
1906 1379 1920 1426 .’
1998 1383 2003 1388 ·

265 1453 328 1525 tit,
345 1444 378 1511 dt
396 1443 540 1508 inhabiles
560 1442 599 1508 ad
617 1462 654 1505 ea
671 1447 702 1503 in
719 1436 857 1525 futurum
878 1440 1016 1532 obtinen-
1052 1439 1092 1505 sic
1111 1457 1219 1506 tenent
1241 1439 1304 1506 sere
1317 1448 1521 1510 communiter
1546 1387 1611 1507 Db.
1630 1466 1671 1509 ert
1686 1443 1808 1509 Consil-

266 1530 304 1594 da
323 1525 506 1591 redduntur.
529 1522 602 1586 Non
621 1524 693 1584 licet
713 1517 784 1583 sane
804 1517 1019 1609 subornatione
1053 1523 1179 1585 tutione
1202 1521 1368 1588 Clementis
1393 1522 1475 1585 Vlll.
1506 1524 1591 1596 edita
1611 1544 1664 1600 pro
1684 1522 1807 1589 casuum

265 1606 512 1673 subornationem
534 1601 696 1678 impedire,
720 1601 789 1675 quia
805 1617 962 1675 nunquam
983 1596 1017 1658 lr·
1053 1597 1283 1680 reservatione,
1298 1624 1367 1678 quae
1387 1606 1431 1668 ita
1452 1605 1533 1668 clare
1550 1605 1692 1680 loquitur
1709 1604 1806 1680 respe-

263 1691 362 1754 citum
386 1681 430 1749 est
454 1682 532 1746 mala
554 1677 655 1746 facere
679 1696 715 1743 ut
742 1681 893 1749 eveniant
921 1675 1020 1769 bona,
1053 1678 1101 1743 sin
1122 1679 1338 1767 Regulariuni,
1359 1700 1394 1746 ut
1418 1685 1577 1748 contraria
1596 1684 1700 1761 opinio
1719 1685 1806 1746 niini·

258 1786 324 1834 ‚tate
345 1766 461 1828 crimen
487 1782 556 1827 cum
577 1761 704 1825 crimine
733 1756 894 1832 impedite.
924 1753 1017 1819 Licet
1056 1779 1103 1822 ine
1123 1759 1263 1825 lullineri
1279 1779 1389 1838 queat.
1744 1771 1747 1779 '

286 1845 387 1910 uidem
404 1842 472 1907 uelo
500 1840 609 1919 publici
629 1838 701 1903 boni
723 1832 968 1900 subornationem
985 1833 1020 1901 δι
1094 1839 1141 1903 Ad
1158 1833 1332 1904 eleslionem
1349 1845 1358 1902 i
1380 1844 1443 1906 itur
1465 1843 1643 1908 canonicam
1663 1831 1808 1907 Praelatd·

264 1867 514 1997 iubornatonm,
547 1942 581 1984 ac
610 1940 660 1994 per
681 1912 759 1993 ipsos
779 1912 1020 1990 promovendum
1056 1939 1122 1982 rum
1141 1935 1288 1984 tenentur
1307 1864 1452 1986 eledores
1467 1921 1519 1986 iub
1533 1922 1656 1987 mortali
1673 1917 1809 2008 eumeli-

264 1999 476 2078 manifestate,
496 2017 533 2062 ut
550 1995 588 2062 sic
607 1995 690 2061 malo
708 1996 860 2062 commoni
880 2014 1020 2064 occurra-
1055 2016 1144 2077 gere,
1159 2016 1247 2074 quern
1266 2019 1415 2075 quatenus
1437 2001 1501 2077 ipsis
1516 1999 1654 2076 constat,
1672 1997 1810 2084 iudicant
1903 2062 1907 2069 .

261 2100 338 2149 tur.
359 2080 439 2147 ltem
458 2081 576 2145 licitum
596 2073 639 2163 eli
655 2095 709 2152 per
728 2069 933 2154 conserentias
951 2097 1031 2156 cum¹
1055 2077 1244 2158 digniorem,
1262 2078 1294 2143 ἀ
1315 2084 1410 2159 magis
1432 2082 1543 2150 utilem
1562 2082 1629 2144 Reii
1651 2083 1713 2143 inni
1744 2081 1809 2160 etti·

266 2163 338 2228 aliie
353 2163 544 2240 digniorem,
558 2155 683 2232 eiusque
702 2151 1031 2295 gregorioque.
1056 2156 1194 2222 diruant.
1220 2158 1266 2226 ltt
1286 2158 1460 2225 Concilium
1481 2158 1568 2223 Trid.
1591 2102 1651 2222 seli.
1674 2179 1721 2238 ²4
1744 2167 1808 2236 cap

268 2245 349 2319 rire,
375 2239 525 2317 quiahoc
554 2256 615 2300 non
644 2231 686 2298 eti
728 2232 877 2300 nborrnre
906 2231 1021 2300 vitiosa
1057 2257 1084 2329 ι.
1104 2235 1141 2304 de
1166 2235 1282 2320 reform·
1308 2237 1365 2304 laoc
1394 2240 1519 2305 definit.
1550 2237 1638 2312 Unde
1660 2238 1811 2312 Innocen-

272 2320 431 2397 suasione,
453 2316 501 2383 sed
528 2332 688 2382 commune
715 2311 827 2378 bonum
852 2333 927 2380 vero
951 2314 1022 2379 zelo
1049 2332 1116 2396 ¹trus
1133 2309 1186 2379 xl.
1207 2335 1318 2384 contra
1338 2321 1429 2383 aliter
1446 2317 1611 2384 sentientes
1627 2318 1675 2380 die
1690 2337 1718 2379 2.
1731 2315 1809 2382 Maii

269 2422 398 2466 curare.
422 2398 555 2463 Henno.
882 2471 887 2478 ¹
1059 2400 1145 2476 1679.
1176 2395 1337 2464 damnavit
1368 2396 1543 2484 sequentem
1576 2397 1810 2474 propositionem

308 2476 417 2544 Tertia
443 2478 565 2543 tandem
592 2475 731 2541 conditio
748 2473 857 2543 adhoc
871 2491 907 2541 ut
924 2471 1021 2555 legiri-
1057 2498 1087 2539 n.
1104 2495 1153 2555 47.
1166 2479 1240 2543 cum
1256 2477 1331 2542 dicit
1345 2481 1506 2543 Concilium
1527 2476 1611 2540 Trid.
1635 2495 1680 2540 eos
1703 2474 1809 2538 altenis

266 2580 320 2626 nra
347 2557 384 2623 sit
414 2559 615 2623 Praelatorum
635 2555 833 2633 Regularium
852 2553 961 2620 elesiio
993 2557 1023 2614 in
1054 2555 1179 2634 peccans
1205 2558 1453 2622 communicantes
1480 2554 1642 2628 mortaliter
1669 2563 1808 2634 peccare,

270 2639 329 2704 suis
348 2638 501 2714 Capitulis
526 2635 589 2715 esi,
608 2636 686 2711 quod
711 2633 768 2697 fiat
796 2632 832 2695 de
850 2636 886 2698 iir
907 2637 958 2710 qui
982 2633 1024 2695 di·
1058 2634 1111 2713 qui
1122 2635 1179 2715 nifi
1194 2656 1262 2713 quos
1278 2636 1422 2715 digniores
1439 2634 1478 2703 &⁸
1494 2636 1629 2713 Ecciessae
1648 2631 1812 2715 magistati-

265 2722 389 2797 gniores
403 2715 436 2781 δι
454 2719 547 2797 magis
569 2713 661 2778 utiles
682 2709 821 2776 eccieoae
843 2712 880 2777 ab
896 2711 962 2787 ipss
981 2715 1024 2803 iuj
1058 2717 1100 2778 ies
1115 2712 1170 2804 ἱρή
1184 2713 1460 2794 iudicaverint,ad
1475 2716 1811 2795 frctqiaspromoveni‚

267 2797 362 2862 dicati
384 2791 524 2870 suerint,·
553 2796 668 2882 idcirco
688 2807 833 2854 tenentur
862 2789 914 2857 sub
938 2811 1024 2872 gravi
1058 2793 1220 2859 Concilium
1235 2796 1289 2860 vel
1304 2799 1398 2874 prim
1412 2794 1538 2860 videtur
1552 2811 1605 2872 per
1625 2794 1675 2859 boc
1689 2794 1807 2874 dignio-

270 2872 454 2951 investigare
485 2872 522 2936 de
546 2871 717 2936 idoneitate
751 2867 885 2945 persone
915 2872 1024 2949 eligen·
1060 2894 1105 2938 res
1125 2896 1181 2939 ιιιιι
1202 2874 1461 2955 aliudstgnificme
1478 2875 1582 2953 velie,
1600 2871 1660 2955 nili
1677 2871 1810 2952 dignita·

269 2953 342 3029 dre;
359 2953 404 3016 ita
419 2966 452 3015 ιιι
473 2949 606 3018 sitalem
616 2946 835 3025 inquisitionem
847 2952 1026 3032 negligant,
1059 2966 1118 3019 tem
1143 2952 1365 3035 eligendorum,
1384 2953 1504 3036 sumptu
1534 2952 1731 3031 comparativo
1758 2969 1809 3030 pro

265 3030 504 3121 delinquuntio
520 3051 554 3097 re
570 3031 658 3109 gravi
678 3048 746 3118 cap.
774 3031 821 3093 Ee
840 3050 906 3108 ιιι
927 3047 956 3110 3.
983 3027 1026 3093 de
1056 3032 1202 3114 pofitiv03
1221 3033 1410 3114 velsecundo
1425 3036 1566 3100 locutione
1581 3033 1681 3098 minis
1699 3033 1813 3111 proprio

267 3110 341 3190 offic·
362 3109 537 3176 Archidtec.
553 3131 618 3185 cap.
640 3107 729 3199 Nulli
746 3105 811 3170 dist.
830 3130 845 3172 1
869 3130 959 3188 .cap·
979 3105 1021 3170 di·
1056 3111 1136 3193 ponit
1153 3112 1296 3194 digniores
1310 3126 1346 3179 ut
1360 3115 1499 3180 excludat
1514 3113 1669 3192 indignos,
1688 3125 1811 3175 notive·

266 3194 352 3255 ilum
373 3188 400 3248 8.
421 3189 486 3251 disl.
508 3187 556 3251 81.
579 3190 651 3253 dum
668 3204 787 3250 ratione
803 3208 823 3249 ο
876 3190 896 3250 ii
918 3205 1023 3252 tenen·
1056 3213 1089 3258 ro
1108 3189 1230 3272 dignos-3
1246 3194 1302 3272 fuel
1318 3196 1439 3260 tandem
1458 3195 1591 3272 loquitur
1613 3195 1699 3262 ¹tertio
1716 3210 1810 3268 quan·
1890 3251 1896 3260 ,

267 3284 322 3333 tur
345 3286 518 3343 precavere
545 3288 584 3332 ne
610 3267 763 3346 eligantur
796 3268 935 3346 indigni,
964 3284 1022 3335 aut
1057 3272 1094 3336 do
1102 3274 1144 3350 fit
1159 3272 1328 3352 concursus.
1351 3275 1390 3338 Et
1410 3295 1480 3338 cunr
1496 3269 1668 3336 Concilium
1688 3288 1812 3346 genera·
1876 3333 1878 3338 ,

267 3349 370 3418 minus
387 3346 487 3410 idonei
506 3369 577 3411 curn
594 3350 689 3409 nimio
706 3346 879 3419 praeiudicio
888 3347 1023 3426 Religio·
1059 3353 1117 3415 tim
1139 3350 1281 3429 loquatur
1310 3353 1373 3416 line
1394 3354 1455 3417 ulla
1475 3351 1679 3428 exceptione,
1696 3347 1812 3413 idcirco
1841 3407 1845 3416 .

252 3428 317 3496 :nis
332 3425 366 3492 dt
387 3431 558 3491 animarum
577 3426 614 3489 ad
640 3429 705 3487 eius
722 3427 853 3502 regimen
872 3425 1024 3491 assuman-
1057 3433 1228 3508 generatim
1244 3429 1476 3508 intelligendum
1496 3427 1539 3492 eti
1559 3426 1812 3491 deoroniPraela·

266 3521 339 3570 tur.
359 3505 440 3568 Hinc
460 3503 602 3569 elesiores
617 3504 768 3582 eligentes
787 3503 963 3582 indignum,
978 3505 1022 3568 id·
1060 3528 1129 3571 tura
1149 3505 1213 3573 sive
1234 3507 1368 3574 saeculari
1390 3507 1452 3574 sive
1475 3506 1616 3584 Regulori
1632 3508 1663 3567 iu
1681 3503 1811 3569 isdillio·

261 3584 312 3650 eti
333 3589 381 3649 cui
405 3584 512 3649 deliint
534 3583 698 3672 qualitates
725 3581 763 3645 ad
786 3581 825 3646 stc
842 3602 1023 3660 promoveo·
1059 3607 1128 3650 nem
1143 3583 1225 3663 quasi
1241 3583 1444 3661 Episcopalem
1461 3585 1611 3664 habente,
1681 3581 1812 3648 ficcom·

237 3664 374 3740 -qlosde
392 3663 652 3739 iutereqrriirtas,
670 3659 928 3738 ultrapeccatum
940 3684 1021 3728 mnr-
1058 3668 1193 3730 munitet
1220 3665 1286 3728 DD.
1318 3664 1393 3731 telle
1420 3668 1574 3732 Pall'erino
1609 3684 1674 3741 cap.
1709 3678 1735 3743 3.
1768 3664 1808 3727 de

265 3744 335 3808 tale
355 3746 433 3821 quod
452 3737 717 3820 incurrunt,-ipso
738 3743 806 3804 iure
826 3743 938 3818 privati
959 3747 1020 3806 exi·
1052 3747 1134 3812 cleri.
1154 3767 1184 3808 n.
1207 3765 1232 3807 r.
1252 3744 1426 3824 Cardenus,
1446 3746 1553 3826 lugo,
1577 3745 1695 3821 Diam,
1726 3739 1808 3808 Reis-

251 3821 352 3900 ,siunt
369 3843 431 3901 pro
459 3842 521 3886 une
544 3824 610 3885 vice
631 3816 790 3904 potestate
816 3821 967 3900 eligendi,
987 3844 1021 3887 ut
1058 3823 1202 3889 sensluel.

218 3925 222 3932 ·
245 3921 389 4046 btn'cs'ii
405 3906 480 3966 Cum
500 3900 531 3966 iu
553 3898 663 3968 cuneis
681 3919 710 3981 7.
733 3900 771 3965 de
786 3900 866 3968 eledi-
883 3904 1024 3982 §.finali,
1057 3902 1212 4047 ΜΙΞΙιέὶῐο
1231 3907 1311 4001 digni
1331 3905 1533 4052 prajtgrrnilllso
1542 3904 1684 4001 digniore
1701 3898 1810 4047 elicro-

256 4123 263 4132 ,
308 4002 429 4156 Eaiigdns
456 4059 584 4157 scienter
613 4060 771 4203 indiguum
795 4080 900 4140 peccat
921 4064 1020 4143 gravi·
1057 4005 1138 4128 dolii
1158 4006 1372 4148 iuiiivigiidr
1392 4008 1455 4146 ¹19¹.s
1469 4001 1742 4131 dcli‘iitiiedildiiiis
1757 4001 1810 4140 ibn

256 4155 336 4219 ter,
362 4141 483 4208 etiamsi
513 4140 587 4207 sciat
617 4142 678 4206 urlu
717 4139 913 4219 profuturum
937 4142 1024 4210 soum
1057 4146 1094 4209 dc
1117 4146 1195 4212 elesi.
1223 4145 1255 4209 dt
1283 4144 1325 4210 ell
1349 4148 1517 4211 communis
1544 4143 1712 4208 Doliorum
1740 4159 1812 4205 cum

266 4220 601 4312 votumudenegando,
624 4242 664 4286 cx
686 4243 747 4296 quo
768 4224 829 4294 iam
848 4243 955 4294 omnea
970 4223 1023 4302 aiii
1055 4221 1163 4290 ¹Glolia
1183 4223 1220 4291 dc·
1233 4225 1271 4289 D.
1295 4223 1460 4290 Thomna.
1482 4240 1510 4286 a.
1528 4245 1555 4301 q.
1572 4225 1621 4303 63.
1640 4239 1696 4286 art.
1720 4238 1750 4282 ι.
1772 4218 1811 4285 ad

265 4299 414 4368 eitiiomt
435 4300 522 4374 illum
549 4304 646 4365 talem
675 4301 715 4363 eli
735 4321 786 4382 ere
812 4303 932 4367 velint.
951 4303 1025 4372 Ete-
1059 4297 1811 4385 3.Qiiat1etetlioexcrpirequodfauanoutn

267 4385 334 4448 nitu
361 4381 478 4460 eligere
508 4381 662 4457 indignum
684 4323 740 4472 'eit
768 4381 931 4448 intrinsece
952 4405 1024 4450 rna·
1052 4384 1095 4449 ,de
1117 4385 1272 4466 digniore,
1295 4386 1463 4462 impugnari
1482 4381 1599 4458 pollet,
1626 4379 1688 4446 sero
1703 4399 1810 4445 ornnes

224 4457 607 4538 ..;lum,.,ade0quenuiia
629 4477 749 4524 retrone
765 4460 861 4538 potest
872 4463 939 4528 elle
960 4462 1024 4528 lici·
1059 4462 1219 4530 cicilionea
1247 4463 1318 4531 huin
1348 4461 1522 4529 difficultati
1558 4458 1709 4528 subiacere
1747 4456 1811 4536 pos·
1854 4521 1858 4530 ,

269 4554 358 4606 ιιιιιι.
389 4538 598 4617 Unusquisque
617 4542 701 4608 enim
731 4554 855 4608 tenetur
877 4559 1026 4618 quantum
1059 4541 1146 4620 sent,
1172 4543 1207 4613 ἀ
1237 4542 1277 4610 sic
1299 4560 1439 4621 apertum
1460 4541 1534 4607 esset
1558 4537 1754 4605 seminarium
1774 4538 1810 4599 li·

255 4617 304 4686 -in
326 4619 357 4685 se
376 4618 439 4698 esi,
466 4620 631 4698 prospicere
650 4618 731 4683 bono
752 4623 923 4697 communi,
947 4623 1024 4700 quod
1059 4628 1154 4689 tium.
1186 4624 1283 4688 inimo
1307 4622 1416 4688 eleslio
1443 4623 1524 4701 digni
1548 4617 1747 4696 pretermitlo
1767 4615 1812 4679 di·

269 4695 387 4778 semper
407 4699 488 4766 bono
508 4701 700 4777 privatorum
722 4696 943 4773 preterendum
959 4700 1025 4780 est,
1059 4708 1164 4784 gniore
1193 4703 1357 4781 aliquando
1378 4702 1438 4767 else
1468 4700 1563 4776 potesi
1583 4702 1679 4765 etiam
1708 4697 1812 4775 licita,

269 4775 306 4854 ,δε
327 4775 450 4857 pressat
474 4782 548 4844 mori
570 4782 777 4857 potiusquam
794 4801 936 4865 peccate,
955 4785 1024 4859 quia
1059 4785 1236 4859 nequando
1251 4785 1348 4847 maior
1363 4802 1428 4858 pars
1443 4779 1604 4845 eleslorum
1620 4779 1692 4844 vult
1706 4777 1812 4842 exclu-

269 4877 354 4926 mora
374 4862 486 4925 animat
511 4860 603 4938 magis
633 4880 724 4935 qnam
751 4862 884 4935 corporis
912 4857 957 4925 ell
986 4866 1023 4926 ti·
1058 4865 1132 4928 dere
1149 4863 1334 4941 digniorem,
1354 4862 1388 4928 dt
1405 4860 1458 4926 nist
1476 4861 1607 4938 eligatur
1627 4855 1812 4936 dignusvult

268 4937 398 5017 menda,
414 4957 450 5004 ut
471 4939 606 5005 aduertit
624 4939 670 5002 hic
684 4939 844 5004 Donatus.
860 4940 1025 5006 Nonenim
1051 4943 1169 5022 eligere
1191 4942 1346 5024 indignum
1356 4992 1366 5021 ,
1381 4944 1451 5020 quia
1467 4958 1542 5004 tunc
1558 4935 1601 5001 est
1621 4940 1715 5017 magis
1736 4935 1812 4999 utile

271 5017 491 5090 attendendum
517 5016 562 5084 eti
592 5020 661 5097 quid
690 5018 742 5083 alii
767 5015 869 5084 secere
896 5019 1025 5098 velint,
1061 5019 1203 5088 Ecclesiae
1213 5022 1298 5099 quod
1314 5020 1496 5088 excludatur
1512 5018 1669 5096 indignus.
1692 5015 1739 5079 Sic
1752 5014 1832 5078 uo·

263 5089 320 5176 ¹sed
335 5097 468 5188 ¹quisque
501 5116 626 5166 tenetur
665 5101 794 5175 propriae
826 5095 1025 5172 conscicntia
1060 5120 1169 5176 natus·
1192 5099 1272 5186 ltem
1291 5096 1482 5183 eligiporeil
1505 5095 1812 5180 minucdjgnuggeu.

257 5199 260 5204 '
294 5177 446 5278 edesii.
461 5177 560 5248 Theoi
575 5175 800 5250 toralium.
815 5176 871 5244 Vl.
1046 5235 1049 5240 ,
1109 5199 1113 5206 -
1215 5187 1222 5210 =
1252 5189 1259 5196 ·
1448 5171 1502 5242 gg
1541 5187 1561 5256 3
1594 5195 1605 5278 ,¹
1659 5189 1661 5196 .
1721 5175 1771 5242 30
