4584 5992
563 373 572 404 s

503 570 510 579 ,
617 516 1511 600 naSraroRctro‘iosoCur.1V.
1734 513 1805 614 363

290 632 366 700 dam
386 629 536 704 statuum,
560 646 620 701 qno
636 623 794 690 Ledorem
811 672 818 697 ,
837 643 872 686 tii
890 623 999 685 melius
1019 624 1054 686 de
1092 614 1156 695 post
1185 620 1411 709 exemptionem
1440 637 1455 677 a
1483 609 1549 678 soro
1579 608 1772 708 Episcopali‚
1802 615 1850 681 ted

285 706 532 791 ‘obligationibus
560 706 752 781 superiorum
781 703 976 779 Regularium
1012 705 1054 763 iti·
1092 698 1186 762 solum
1208 693 1732 788 dominativumseudomeliicam,
1759 717 1849 772 quam

291 792 463 866 diruatur,
480 787 678 852 remittimus.
697 781 787 846 Unde
806 786 875 845 latis
894 804 973 844 nuuc
994 784 1054 845 erit
1092 779 1202 841 habent
1223 772 1454 850 patresfamilias
1476 798 1505 834 in
1524 795 1644 866 propria
1663 777 1753 841 domo
1774 823 1782 850 ,
1814 792 1850 841 ae

293 869 406 934 afferre
424 890 478 944 pro
492 868 611 945 epilogo
629 865 675 926 hic
696 858 787 938 usque
804 861 968 936 ditiorum,
989 882 1054 935 quae
1093 858 1217 934 proinde
1235 877 1294 918 nori
1314 855 1404 918 asiam
1425 852 1644 917 correbtionem
1664 855 1848 921 adhibebant

294 956 379 1014 circa
398 944 570 1022 Superiores
587 943 784 1021 Regirlarium
802 944 965 1004 traduntur
985 961 1052 1009 cap.
1092 938 1145 998 nisi
1167 954 1346 1009 paternam,
1365 955 1453 1007 quarn
1471 936 1520 996 alii
1544 932 1849 999 vorantosteitsivam

296 1033 324 1093 6.
352 1029 387 1092 de
434 1040 486 1090 atu
512 1021 687 1090 Monarbali
719 1042 757 1084 ex
787 1020 969 1083 Innocentio
1002 1018 1053 1081 ΙΙΙ.
1093 1015 1141 1080 seu
1160 1016 1379 1078 charitativam
1399 1012 1449 1076 vel
1467 1010 1665 1089 fraternam,
1695 1036 1850 1090 quantine

290 1112 384 1175 cuius
404 1029 468 1171 saec
493 1106 564 1169 lunt
587 1104 708 1166 verba:
740 1100 931 1164 Praeeaeieris
957 1112 1055 1178 poterii
1088 1099 1184 1160 eriam
1210 1113 1342 1156 utuntur
1369 1109 1478 1156 contra
1508 1087 1697 1157 subditorum
1720 1097 1850 1164 crimina

293 1191 332 1271 fit
350 1188 478 1264 inopere
507 1186 547 1251 θ
562 1183 725 1263 sermone,
755 1191 788 1242 ut
813 1182 943 1256 exemplo
962 1180 1054 1251 vitae,
1093 1176 1142 1237 seu
1175 1170 1448 1250 transgressiones,
1479 1192 1539 1235 non
1567 1194 1605 1235 err
1627 1175 1851 1262 gravioribus,

295 1265 440 1343 verboque
459 1265 597 1329 doffriuae
618 1260 736 1340 fratrer
767 1257 807 1325 (5
828 1260 1055 1337 instruerepoffit
1090 1277 1160 1330 quae
1189 1259 1314 1329 exigunt
1350 1251 1568 1315 coercitionem
1602 1254 1772 1319 coadiivam
1800 1264 1851 1321 teu

296 1348 328 1410 in
346 1344 431 1421 bono,
452 1345 492 1412 m·
510 1343 620 1407 amalo
640 1354 792 1404 reuocare:
811 1334 912 1406 zelum
929 1339 1055 1419 Religio·
1093 1335 1280 1406 inimicam,
1310 1331 1396 1396 &de
1423 1330 1551 1394 secundo
1567 1352 1676 1409 genere
1691 1336 1851 1398 coneilio·

296 1419 883 1503 nisba‘benssecundumconscientiam,
908 1420 1052 1508 istdesin·
1093 1419 1332 1488 nfisffeaoernae
1358 1433 1463 1487 nempe
1489 1410 1540 1474 seu
1572 1414 1769 1479 charitativa
1802 1417 1851 1480 hic
1936 1419 1942 1430 ⁸

293 1518 419 1585 querites
436 1504 592 1583 corripiat,
613 1510 651 1566 <7
669 1502 780 1580 castiget
803 1548 810 1575 ,
835 1498 996 1563 obedientes
1007 1498 1053 1577 fo·
1092 1512 1235 1571 agemus.
1395 1575 1398 1583 Ι
1914 1546 1917 1552 ,

296 1599 369 1651 vect
390 1634 398 1662 ‚
422 1585 462 1650 (5
485 1581 658 1661 confortet..
672 1624 699 1640 ..
719 1579 843 1659 vigilem
863 1599 965 1643 curam
987 1628 995 1657 ,
1017 1578 1056 1643 (V
1065 1607 1068 1613 ¹
1133 1572 1206 1633 Non
1229 1571 1317 1663 olane
1339 1572 1415 1633 levts
1442 1570 1484 1633 esi
1510 1576 1657 1638 momenti
1674 1575 1766 1640 officii
1789 1575 1852 1641 Ab·

295 1666 467 1744 diligentem
479 1660 699 1742 solicitudinem
736 1680 818 1721 erens
849 1660 885 1721 de
904 1658 1056 1731 omnibus,
1093 1655 1172 1715 batis
1191 1648 1241 1714 seu
1264 1654 1396 1713 cuiusvis
1417 1652 1542 1715 alterius
1561 1654 1728 1728 Superioris
1748 1658 1852 1720 auito·

298 1681 733 1824 utde‘offiriofibi'rommiffd
762 1742 886 1817 dignam
904 1744 962 1801 Deo
979 1736 1055 1816 pofflt
1094 1736 1188 1794 ritate
1205 1734 1265 1794 rite
1283 1730 1434 1808 defungi.
1466 1732 1549 1797 Nam
1565 1754 1601 1796 ut
1618 1740 1772 1810 correptio
1786 1737 1851 1800 sub·

297 1824 414 1888 reddere
440 1825 606 1886 rationem.
637 1819 724 1901 Quod
731 1820 758 1896 ſs
775 1819 988 1895 prevaricator
1003 1822 1056 1880 Or·
1092 1812 1312 1874 ditorumcum
1330 1809 1427 1874 siusiu
1450 1832 1638 1891 peragatur,
1670 1837 1780 1893 magna
1807 1836 1851 1879 re·

293 1900 510 1982 dinisfuerit,
546 1915 599 1964 aut
624 1909 800 1973 contemptor
818 1895 873 1973 seu
887 1899 1056 1977 negligens,
1093 1895 1222 1978 quiritur
1242 1890 1402 1980 prudentia
1424 1893 1457 1955 dt
1482 1894 1676 1970 dexteritas,
1709 1896 1854 1960 imino&

295 1996 350 2047 aut
368 1982 498 2061 remiffus
517 2030 525 2056 ,
549 1999 600 2059 pro
615 1992 692 2043 certo
704 1975 738 2055 se
756 1978 874 2039 noverit
893 2001 946 2039 non
966 1978 1056 2050 solum
1092 1971 1234 2035 discretio
1254 1992 1288 2031 ac
1306 1972 1441 2034 charitas
1456 1993 1525 2048 erga
1546 1975 1698 2037 subditos.
1722 1974 1805 2053 Qir'a
1830 1972 1852 2035 st

298 2062 436 2142 aboffirio
456 2060 683 2137 deponendum,
708 2056 764 2134 sed
784 2054 823 2120 Θ
842 2057 996 2118 oliomodo
1009 2054 1055 2133 se·
1094 2051 1158 2115 haec
1186 2047 1409 2122 iii-Superiora
1441 2052 1563 2129 desint,
1595 2052 1751 2119 fortitudo
1784 2075 1852 2127 ouae

299 2148 427 2205 eundum
443 2143 582 2220 Regulam
603 2138 832 2218 infligendum,
868 2156 933 2199 cum
953 2135 1055 2216 offensa
1092 2135 1225 2208 exigitur
1246 2133 1277 2215 iit
1294 2131 1479 2206 superiore,
1507 2132 1701 2209 degenerabit
1721 2137 1750 2196 iii
1773 2139 1853 2208 aspe-

233 2238 235 2242 ’
299 2243 355 2284 non
375 2219 470 2300 solum
486 2222 600 2299 propria
623 2267 630 2290 ,
659 2237 768 2279 verum
795 2214 886 2278 etiam
903 2215 1006 2279 aliene
1022 2216 1056 2278 de
1094 2218 1238 2287 ritatem,
1260 2212 1393 2273 suavitas
1410 2213 1441 2271 in
1463 2212 1691 2290 remissionem,
1713 2214 1796 2276 zelus
1819 2216 1853 2276 iit

297 2301 363 2379 suis
382 2300 517 2364 manibus
536 2298 720 2376 requiratur.
1093 2287 1253 2365 sororem,
1282 2288 1445 2365 compaffio
1486 2311 1626 2356 vertetur
1666 2300 1694 2355 iit
1728 2295 1853 2358 noxiam

1092 2373 1348 2442 conniventiam,
1393 2371 1560 2441 patientia·
1584 2372 1646 2436 stne
1666 2374 1854 2437 discretione

601 2466 618 2525 ς
639 2488 642 2494 -
669 2456 719 2521 Vl
734 2456 756 2518 1.
1093 2446 1211 2511 fovebit
1233 2451 1409 2521 audaciam,
1429 2446 1464 2511 ἀ
1483 2446 1732 2514 consuetudinem
1747 2457 1852 2529 gignet

302 2616 305 2619 ⁴
358 2586 401 2644 De
416 2577 607 2664 Audort'tote
631 2575 819 2654 Superiorum
835 2570 997 2652 corrigendi
1093 2526 1854 2690 ffiffffedguhsggnegzhgffioessffibatzffigm

499 2656 684 2735 summram
701 2652 847 2733 excelsus·
1087 2684 1201 2767 fratres
1219 2712 1228 2748 .·
1253 2684 1361 2762 inipso
1381 2699 1480 2750 autem
1500 2691 1671 2765 correptione
1690 2660 1852 2768 p'rudenter

339 2776 481 2839 Asterum
498 2771 651 2846 officium,
671 2773 751 2846 quod
773 2769 921 2842 competit
938 2766 1055 2831 muneri
1094 2780 1188 2848 agat.
1219 2764 1386 2829 Prudentia
1413 2767 1477 2829 haec
1504 2774 1629 2843 requirit
1652 2789 1687 2835 ut
1713 2771 1854 2848 Superior

297 2854 470 2926 Superioris
495 2850 702 2927 Motiasierti‚
730 2850 802 2912 idest
820 2851 979 2925 Abbaris,
1008 2848 1058 2911 seii
1096 2854 1126 2911 iit
1146 2845 1337 2912 corredioue
1365 2845 1431 2910 haec
1453 2865 1583 2924 quatuor
1604 2853 1785 2926 expendat,
1816 2873 1853 2921 ae

299 2928 963 3006 PeiorisConventuaiis,eslcoireflio,·de
983 2927 1057 3003 apud
1094 2925 1475 3007 diligenterudiliinguat,
1506 2936 1603 3006 primo
1638 2930 1854 3009 personarum,

298 3008 379 3082 ipsos
413 3008 622 3084 solummodo,
662 3010 698 3087 bt
727 3015 830 3086 capita
859 3010 892 3073 dt
924 3008 1058 3071 Pastores
1094 3010 1198 3083 quibus
1214 3005 1360 3072 corredio
1376 3009 1575 3087 impendenda
1593 3010 1854 3088 esi‚qualiratem

301 3086 555 3150 Monasieriorum
578 3088 685 3151 residet
705 3088 864 3151 autioritas
883 3135 892 3163 ,
914 3093 1005 3149 inimo
1022 3086 1055 3150 ἃ
1094 3090 1126 3153 ἀ
1158 3089 1367 3152 conditionem
1393 3090 1558 3153 consideret
1585 3095 1672 3156 iuxta
1701 3092 1856 3166 Apostoll«

275 3167 447 3240 ‚incumbit
460 3186 539 3229 onus
558 3169 725 3245 corrigendi
745 3170 777 3231 dt
800 3168 941 3241 puniendi
958 3164 1057 3229 erices·
1092 3190 1158 3232 cam
1175 3169 1261 3230 issam
1281 3164 1464 3233 seutentiam
1484 3192 1493 3233 e
1514 3192 1602 3250 argue
1624 3221 1631 3247 ‚
1659 3170 1788 3249 obsecra,
1807 3172 1855 3233 iit·

297 3243 882 3323 sustransgressionemsubditorum,·
913 3269 982 3310 eum
1001 3246 1058 3308 liu·
1094 3266 1203 3326 erepit.
1228 3248 1296 3308 Hoc
1316 3254 1467 3311 monitum
1486 3252 1555 3313 vult
1576 3253 1602 3311 S.
1627 3250 1855 3328 Benediiiusin
1919 3264 1921 3266 ’

299 3323 458 3387 iuscemodi
480 3321 661 3389 facultatem
677 3348 785 3388 omnes
801 3326 926 3403 Regulae
948 3323 1057 3389 Mona·
1093 3350 1158 3402 cap.
1192 3347 1219 3385 a.
1252 3324 1313 3390 suae
1338 3328 1465 3405 Regusae
1491 3332 1634 3403 applicari
1661 3329 1706 3392 ab¹
1730 3328 1853 3393 Albai·

298 3403 381 3469 stitae
410 3404 582 3469 Abbatibus
611 3403 663 3467 seu
690 3405 920 3480 Superioribus,
952 3404 1058 3480 quibus
1094 3407 1189 3469 tribus
1205 3406 1370 3466 bominum
1396 3407 1551 3482 generibus
1575 3405 1858 3488 e‘lndi'seipli'natos.

298 3484 458 3547 domorum
485 3484 683 3561 Regulniium
705 3504 860 3559 tamquam
887 3484 1058 3559 capitibus,
1094 3483 1133 3550 (τ
1160 3485 1334 3571 inquietor,
1367 3487 1434 3571 ait,
1463 3483 1548 3549 debet
1560 3486 1663 3553 Absor
1680 3488 1784 3552 durius
1805 3510 1854 3551 aii·

299 3565 436 3629 Patribus
458 3584 549 3640 atque
567 3562 737 3628 Pa'sturibus
766 3568 898 3642 regimen
923 3564 1059 3626 commis·
1090 3583 1195 3644 guerr.
1217 3563 1437 3644 indisciplinati
1454 3570 1574 3641 proprie
1593 3572 1770 3646 dicuntur,
1800 3570 1853 3645 qui

300 3640 362 3705 sum
386 3642 457 3721 esi,
497 3647 696 3707 attribuerint
731 3663 821 3728 atque
858 3643 1057 3707 attribuant.
1093 3642 1283 3717 disciplinam
1299 3647 1434 3720 recipere
1450 3646 1560 3708 nolunt
1603 3648 1733 3723 streuui
1756 3650 1856 3713 nulla·

299 3724 468 3799 Piaesatits,
488 3726 537 3785 cui
560 3723 720 3786 innotescit
743 3723 895 3791 subditum
912 3722 1006 3798 {suum
1027 3726 1058 3783 in
1095 3742 1183 3786 tenus
1200 3727 1307 3798 corripi
1328 3724 1456 3787 volunt.
1477 3728 1608 3804 inquieti
1627 3732 1768 3793 veiodici
1788 3724 1855 3803 nos·¹

297 3807 414 3865 ‘crimen
430 3803 591 3878 incidisse,
625 3804 730 3879 procul
762 3804 854 3865 dubio
875 3819 1002 3865 tenetur
1023 3802 1058 3864 ad
1094 3803 1163 3864 stitit
1184 3807 1233 3877 qui
1256 3803 1344 3865 nullo
1364 3804 1433 3868 loco
1453 3809 1678 3875 quodammodo
1693 3804 1855 3872 consisten-

275 3928 277 3931 -
300 3898 371 3945 eum
386 3881 612 3960 corrigendum,
636 3881 698 3943 live
720 3887 833 3946 notitia
850 3884 886 3945 ad
903 3902 973 3944 eum
994 3901 1056 3956 per«
1095 3901 1141 3944 tes
1159 3929 1172 3957 Δ,
1194 3886 1346 3945 continuo
1369 3905 1419 3957 per
1440 3885 1661 3949 Monalien'um
1682 3906 1855 3965 vagantur,

300 3966 463 4026 veniatex
485 3961 603 4038 publica
624 3962 725 4039 fama,
746 3961 842 4025 sivea
866 3965 988 4038 privato
1008 3960 1058 4023 de·
1092 3961 1126 4026 dt
1146 3959 1304 4024 cursitant
1332 3963 1369 4024 de
1394 3985 1455 4026 uno
1478 3968 1546 4028 ioco
1568 3966 1603 4027 ad
1631 3969 1753 4039 alium.
1784 3960 1859 4044 Isti,
1896 3986 1901 3998 ·

299 4046 510 4114 nuntiatore,
539 4042 602 4103 sive
632 4055 649 4104 a
677 4039 1057 4119 p'rooiial'cienti'asuerit
1093 4044 1163 4116 quia
1182 4040 1233 4103 suo
1264 4043 1406 4116 exemplo
1427 4063 1596 4116 provocant
1617 4045 1751 4109 aliosad
1775 4046 1856 4121 telaf

300 4120 451 4185 milesia:
487 4121 525 4181 Et
546 4140 655 4185 contra
682 4121 830 4185 Piaelttos
852 4119 1057 4185 desidesdeli·
1093 4124 1275 4204 irationem,
1296 4119 1328 4183 bt
1349 4122 1712 4209 ordiiieinperturbant,
1749 4125 1852 4188 durius

297 4198 348 4265 fia
366 4202 550 4264 subditorum
571 4222 611 4263 eri
634 4202 798 4275 tepiditate
820 4220 881 4262 nott
905 4203 1058 4275 corrigen·
1095 4199 1235 4277 arguendi
1260 4202 1350 4260 lunt.
1375 4197 1548 4283 obedienter
1578 4223 1654 4276 vero
1672 4255 1689 4282 ,,
1713 4204 1800 4271 mites
1817 4204 1857 4277 Gt:

297 4282 562 4345 tescitiiclamatit
588 4285 692 4344 omnia
718 4284 782 4344 iura
800 4328 809 4357 ‚
842 4278 876 4343 ἀ
908 4281 1060 4352 praeeipue
1093 4278 1265 4355 patienter,
1298 4281 1435 4351 quisunt
1466 4284 1544 4344 alter
1573 4299 1665 4360 getius
1687 4281 1859 4363 Religiosos,

297 4381 362 4433 eap.
396 4355 480 4425 Licet
500 4357 570 4422 issi
598 4359 634 4424 de
656 4362 756 4436 finon.
788 4358 837 4424 ubi
865 4358 1061 4420 innocentius
1096 4380 1182 4432 ium,
1202 4362 1284 4420 utin
1303 4357 1410 4420 melius
1431 4361 1589 4431 perficiant
1610 4410 1618 4435 ,
1638 4365 1857 4442 aitS.Pater,

300 4436 356 4505 111.
375 4440 549 4515 exemplum
571 4439 642 4501 Heli
665 4444 808 4515 proponit
831 4440 991 4514 Praelatis‚
1010 4442 1059 4511 qui
1094 4433 1253 4500 obsecrare
1273 4437 1361 4501 debet
1378 4438 1479 4505 Abbas
1494 4475 1506 4503 v.
1537 4443 1578 4503 Hi
1598 4441 1666 4509 sunt
1688 4449 1852 4519 ,quicum
1956 4474 1975 4489 κ

299 4539 361 4585 non
383 4521 522 4584 obstante
538 4521 615 4593 quod
635 4520 729 4582 bciitis
745 4516 840 4592 esset,
870 4537 945 4580 exn
988 4517 1062 4580 leur
1096 4516 1301 4594 deliquerint,
1331 4538 1401 4580 mort
1424 4536 1479 4585 aut
1509 4524 1592 4585 intus
1609 4528 1685 4589 mori
1702 4546 1719 4587 a
1739 4525 1857 4596 Spiritu

299 4600 487 4666 'correbtione
518 4599 648 4662 filiorum
678 4617 776 4661 morte
812 4602 934 4672 punitus
982 4600 1060 4660 uit.
1099 4594 1215 4673 lando,
1235 4614 1289 4659 aut
1305 4605 1439 4674 correpti
1465 4600 1501 4664 ab
1526 4600 1649 4667 homine
1667 4652 1675 4681 ‚
1695 4604 1739 4683 gad
1758 4604 1858 4676 poeni·

300 4681 403 4758 olim,
424 4685 495 4756 quia
518 4679 665 4742 Monachi
688 4676 841 4755 Episcopis
861 4675 1060 4741 erantsubie·
1097 4681 1204 4763 tentiae
1236 4676 1401 4742 remedium
1425 4678 1637 4758 confugiunt.
1671 4684 1857 4762 Negligenter

299 4759 366 4840 iii,
396 4780 500 4823 eorum
516 4761 690 4834 Superiores
716 4778 776 4819 nori
803 4756 951 4820 habebant
975 4775 1060 4830 pote·
1098 4764 1138 4821 (5
1158 4769 1371 4820 contemnentes
1393 4806 1402 4833 ,
1428 4764 1475 4833 qni
1504 4760 1573 4825 lunt
1599 4768 1725 4824 tertium
1744 4766 1858 4838 geniis,

299 4839 412 4903 statem
429 4840 601 4903 coatiivam
619 4835 681 4901 sive
698 4838 885 4911 inimicam,
915 4834 987 4897 idest
1005 4832 1060 4911 spi·
1099 4841 1142 4919 ait
1163 4836 1190 4896 S
1212 4835 1410 4913 beneditus,
1432 4851 1465 4902 ut
1481 4839 1605 4917 increpet
1627 4841 1666 4906 (ἵ
1683 4838 1845 4917 corripiatur

294 4922 425 4985 ¹ritualia
442 4918 652 4981 iurisdietionis
676 4939 750 4981 eum
777 4913 972 4992 impositione
998 4935 1062 4991 pre·
1137 4914 1215 4978 Cum
1237 4935 1312 4979 vero
1328 4916 1510 4994 vitiosorum
1529 4924 1680 4995 correptio
1705 4920 1777 4985 sieri.
1793 4899 1859 4998 pos·

301 5018 350 5065 iic
378 5000 414 5063 ad
445 5000 598 5075 publicum
618 4999 759 5073 bonum
791 5015 824 5057 ur
843 4996 891 5057 alii
909 5002 1062 5059 timentes
1098 4992 1134 5057 sit
1157 4995 1279 5072 verbis,
1298 4995 1334 5063 dt
1353 4998 1548 5075 verbetlbus,
1567 5000 1673 5073 quibus
1695 5000 1859 5076 bamot-

293 5080 522 5149 ttmoves'titur
539 5100 557 5144 a
576 5097 732 5158 peccato,
753 5076 829 5141 sicut
848 5096 928 5144 nunc
950 5075 1064 5146 babent
1099 5076 1176 5150 lave.
1192 5076 1391 5157 impendendi
1408 5075 1446 5145 sit
1465 5122 1475 5161 ,
1495 5076 1615 5149 subiicit
1636 5103 1646 5144 .·
1679 5080 1860 5174 promptiores

1754 5182 1821 5238 qui-
