4584 5992
324 463 527 604 3.
602 475 1498 612 'recensente-teti.
1573 586 1575 588 .
1655 548 1788 641 '1²5'

283 617 412 711 Adnuit,
437 623 796 722 Ἀίεειιΐιοιιίιιῐὶιιιιιίιιίι
820 625 1038 722 pentecostes,
1076 649 1130 697 aut
1149 630 1188 698 de
1207 634 1374 702 revelando
1391 631 1610 714 impedimento
1624 640 1749 707 occulto
1763 595 1961 721 Mens,

266 705 575 789 corporeorum,
596 707 721 785 antique
740 702 968 773 solemnioribus
984 726 1038 771 an·
1078 714 1254 779 trimodum
1274 716 1458 793 diremptu
1477 719 1551 793 quit
1569 720 1602 782 in
1624 716 1702 786 hisce
1720 721 1860 788 tribur--.
1973 764 1976 770 ·

280 791 460 857 niversariia
479 835 488 864 ,
510 784 565 852 nisi
586 786 647 852 alia
667 788 754 866 gravi
774 785 812 850 de
832 786 936 852 caussa
957 782 1040 853 secur
1076 809 1223 859 tenentur
1241 793 1435 872 obslttdcet,
1459 796 1592 864 medicor
1611 797 1671 866 dtr.
1693 802 1836 868 revelare

280 867 448 949 Episcopus
462 865 632 934 censuerit.
653 867 701 931 Sic
716 868 770 931 cit.
792 864 941 959 Barbula.
1078 871 1225 938 secretum
1239 921 1248 951 ,
1264 897 1336 940 cum
1356 875 1472 939 bonum
1486 895 1647 943 cumbe
1685 881 1838 947 taevalere

320 947 488 1016 Monitorii
507 950 541 1013 vi
561 965 652 1014 nemo
668 962 793 1012 tenetur
812 943 937 1023 seipsum
956 961 1040 1025 pate·
1077 952 1186 1019 debeat
1207 956 1330 1030 privato
1350 949 1402 1036 seu
1425 955 1604 1032 particulari
1620 980 1630 1035 ;
1718 963 1764 1025 ius
1784 973 1840 1030 oar¹

286 1026 394 1096 ficere
415 1028 451 1096 &
476 1028 679 1105 dessundifei
694 1028 773 1115 ‚quit
791 1044 882 1091 ssem0
908 1023 938 1091 se
964 1024 1041 1115 infe·
1078 1034 1177 1100 turale
1194 1035 1365 1102 innocentie
1378 1081 1388 1112 ,
1401 1054 1441 1098 nc
1461 1054 1556 1114 grave
1575 1036 1721 1101 damnum
1740 1041 1838 1115 patia-

282 1128 391 1189 mre,
406 1107 458 1174 seu
477 1109 602 1185 prodere
617 1103 747 1197 seipsum
763 1104 851 1171 debet
875 1127 944 1184 cap.
964 1108 1042 1189 Quis
1077 1132 1156 1190 tut,
1177 1115 1328 1191 ptaevalet
1355 1116 1412 1177 iuri
1442 1115 1603 1193 naturali,
1631 1117 1711 1192 quod
1744 1118 1836 1184 habet

278 1189 440 1270 aliquado
455 1186 504 1269 dp,
525 1190 560 1255 de
577 1200 676 1266 putat.
700 1184 768 1249 dtst.
793 1204 820 1247 r.
841 1183 876 1252 dt
896 1186 937 1250 est
960 1207 1043 1252 com·
1076 1210 1188 1257 nocens
1208 1213 1248 1257 ne
1262 1193 1439 1271 reveletur;
1455 1193 1489 1259 dt
1504 1193 1616 1260 bonum
1630 1195 1837 1276 Sacramenti,

279 1276 401 1335 munic.
418 1270 514 1335 lmmo
530 1289 585 1334 nec
603 1269 655 1332 alii
675 1283 824 1332 tenentur
843 1268 876 1330 vi
903 1267 1041 1331 Monito·
1076 1270 1154 1348 quod
1176 1271 1302 1337 validari
1319 1273 1433 1351 debet,
1454 1272 1567 1353 obligat
1576 1274 1613 1340 ed
1634 1275 1837 1358 detegendum

279 1352 318 1416 tii
339 1371 413 1415 eum
431 1351 638 1426 denunciare,
656 1366 744 1424 quem
760 1343 858 1410 stiunt
879 1366 943 1439 rem
966 1346 1042 1411 alie·
1077 1353 1330 1429 impedimentum
1344 1353 1485 1419 dirimens
1504 1356 1601 1418 etiam
1609 1357 1766 1433 cognitum
1784 1354 1846 1421 sub,

279 1444 354 1494 nam
380 1428 518 1495 detinere
544 1426 710 1493 iniustam
735 1421 1042 1505 compensationem,
1076 1429 1332 1509 naturalistgillo,
1349 1430 1847 1502 ursicevitenturnullitateius·

279 1525 338 1577 aut
367 1530 433 1574 non
453 1508 622 1594 {restituere
645 1508 685 1573 ob
711 1508 947 1584 impotentiam,
971 1508 1042 1582 <luia
1074 1512 1144 1577 dem
1166 1512 1377 1591 sacramenti,
1395 1514 1561 1577 continuus
1581 1514 1837 1594 concubinatus,

280 1611 353 1656 cum
371 1594 404 1653 in
424 1591 504 1654 hisce
522 1587 636 1655 casibus
663 1587 865 1678 Monitorium
886 1587 1041 1679 nonlicet
1077 1592 1196 1671 aliaque
1236 1590 1529 1660 raviaintommoda
1544 1636 1552 1656 .
1568 1592 1617 1659 Sic
1639 1614 1729 1660 nemo
1748 1612 1837 1660 reue·

280 1670 510 1747 principalem,
544 1668 645 1732 multo
677 1686 777 1729 minut
812 1663 917 1743 ligabit
942 1687 1042 1730 minut
1078 1689 1127 1738 tur
1147 1692 1286 1739 reveare
1306 1670 1384 1749 quod
1404 1688 1490 1737 terto
1509 1691 1573 1735 non
1590 1672 1666 1753 scit,
1686 1695 1726 1739 ne
1742 1674 1770 1739 se
1786 1694 1840 1740 ex·

281 1750 508 1828 principalem,
538 1747 625 1811 sicuti
651 1744 720 1809 sunt
750 1743 879 1810 scienter
907 1744 1042 1824 respetlu
1077 1771 1171 1829 ponat
1193 1750 1327 1829 periculo
1345 1747 1514 1830 falsitatis,
1535 1750 1700 1832 levitatir,
1727 1753 1761 1822 dt
1784 1774 1839 1832 ρι-

281 1828 472 1894 detentori&
493 1829 692 1891 'fenerentur
708 1842 831 1901 tamen,
851 1822 872 1887 fi
890 1843 953 1889 non
969 1846 1041 1914 quo·
1077 1836 1157 1897 tiens
1172 1849 1346 1909 exponatur
1365 1830 1506 1908 damn05
1537 1833 1580 1896 ira
1600 1852 1657 1898 nec
1677 1831 1735 1913 id,
1760 1829 1845 1910 quod.

280 1908 318 1972 ad
339 1925 475 1986 totum,
508 1903 557 1971 sed
573 1904 668 1971 solum
697 1903 794 1981 quoad
819 1921 938 1978 partem
965 1906 1041 1970 eslet
1077 1914 1107 1975 in
1128 1914 1241 1977 iudicio
1268 1910 1396 1989 probare
1416 1914 1541 1988 nequit:
1564 1911 1647 1977 Nam
1673 1914 1705 1975 in
1726 1912 1840 1977 talibua

280 1987 455 2065 impotem,
478 1987 528 2051 vel
546 1987 640 2049 ‘⁸¹⁶⁰‘
657 1983 784 2050 titulum
800 1983 924 2049 hibere!
942 1984 1043 2061 quoad
1076 1990 1189 2057 casibus
1210 1987 1239 2055 se
1260 1990 1352 2057 habet
1373 2011 1409 2055 ac
1424 1987 1446 2055 st
1464 1988 1618 2056 nesciret.
1647 1990 1696 2056 sic
1714 1989 1846 2057 Bathos.-

228 2127 231 2134 .
278 2083 400 2146 partem
419 2064 701 2143 compensationis,
732 2083 794 2126 non
815 2062 900 2128 secus
921 2084 958 2128 ac
977 2084 1041 2129 non
1075 2094 1143 2138 rum
1164 2072 1283 2138 Navae.
1301 2070 1425 2150 Ugolin.
1451 2068 1486 2142 ὃς
1513 2071 1579 2135 aliis
1599 2069 1678 2137 bene
1708 2070 1837 2137 multir-

234 2161 251 2224 ῑ.;
279 2144 444 2212 excusatur
481 2147 627 2211 detentor
660 2163 678 2208 a
716 2140 909 2209 restitutione
941 2145 1040 2220 quoad
1075 2153 1105 2215 Si
1122 2156 1239 2217 crimen
1259 2149 1560 2217 omninooccultnm
1579 2150 1616 2216 stt
1634 2198 1644 2227 ,
1663 2149 1743 2216 illim
1762 2169 1840 2216 con·

279 2243 420 2304 purtem.
482 2292 489 2300 ,
1076 2233 1152 2297 stiur
1170 2249 1294 2297 tenetur
1315 2233 1404 2295 iuxta
1418 2231 1553 2303 ordinem
1573 2227 1765 2296 corrcslionit
1778 2225 1843 2297 sta·

247 2321 263 2386 ,ι’
319 2306 401 2374 stem
417 2329 480 2374 n0¹¹
497 2321 621 2372 tenetur
640 2305 705 2383 iub
722 2305 754 2369 Vi
775 2303 946 2371 Μθῦῐῑθῐῑῑ
962 2306 1039 2371 elte-
1077 2331 1195 2387 ternae,
1215 2326 1289 2376 ante
1309 2310 1597 2386 denunciet'onent,
1616 2307 1766 2376 audiorem
1789 2307 1843 2375 ad·
1886 2363 1889 2370 .

218 2435 220 2440 -
247 2393 258 2416 ”
279 2405 350 2450 rum
369 2386 573 2464 denunciare,
599 2384 721 2464 quaudo
740 2404 780 2478 ert
804 2384 1040 2451 denuncietinne
1076 2411 1222 2460 monerer
1242 2388 1332 2454 modo
1352 2407 1456 2454 tamen
1476 2332 1539 2465 bes
1555 2387 1630 2454 adsit
1649 2390 1850 2456 emendatio-r

254 2469 259 2480 '
277 2467 444 2546 prudenter
461 2471 550 2532 timet
570 2466 621 2530 sibi
664 2484 718 2532 aut
736 2459 792 2529 suu
805 2462 941 2542 usquead
953 2487 1041 2540 quat·
1077 2475 1142 2548 nir,
1160 2472 1195 2536 dt
1217 2470 1317 2536 audior
1336 2468 1480 2538 damnum
1499 2466 1664 2546 resarciat,
1678 2470 1750 2546 qnia
1766 2484 1841 2536 tunc

279 2557 361 2635 tom
381 2550 504 2627 gradum
520 2514 643 2624 aliquod
658 2562 752 2625 grave
767 2543 910 2608 damnum
933 2548 965 2608 in
986 2545 1040 2609 bo·
1076 2571 1138 2615 non
1160 2567 1288 2614 tenetur
1310 2548 1399 2612 illum
1419 2546 1580 2612 revelare.
1846 2589 1848 2594 -

225 2681 228 2686 .
277 2639 331 2690 ula
352 2631 483 2704 anima,
502 2616 953 2715 corporis,velsottunarum,
970 2627 1040 2701 quie
1114 2628 1194 2693 Cum
1208 2629 1410 2693 Monitorium
1431 2617 1985 2707 promul'ptturptopterdaurpm·

278 2721 436 2781 praecepte
453 2708 607 2781 humana,
625 2704 658 2769 &
676 2721 824 2778 practpue
841 2705 1041 2779 poltttvanon
1076 2728 1182 2772 mnum
1208 2705 1341 2783 pluribus
1365 2705 1514 2781 illatum,
1544 2720 1619 2779 puta
1648 2724 1771 2784 propter
1792 2709 1840 2772 vis
1857 2715 1899 2758 tat
1912 2703 1963 2756 aii·

218 2785 226 2834 .'
246 2782 620 2862 2.obligtntcumtant0
640 2779 851 2844 incommodo:
872 2780 968 2843 Sicuti
993 2800 1040 2845 et·
1077 2807 1143 2852 neat
1172 2804 1226 2852 aut
1255 2784 1350 2867 sylvae
1381 2781 1651 2863 devastationem,
1680 2788 1730 2861 qui
1758 2784 1847 2866 scit,¹
1915 2779 1957 2824 ‘⁸'

218 2859 344 2952 {fiam
376 2882 465 2926 nemo
496 2880 623 2926 tenetur
648 2879 688 2922 ex
715 2857 770 2921 tali
799 2862 832 2922 vi
858 2858 1042 2950 denuntiare
1076 2866 1198 2930 Titium
1219 2861 1375 2929 seiundlim
1391 2864 1428 2928 ab
1448 2862 1516 2927 aliis
1546 2885 1641 2928 unum
1673 2883 1728 2929 aut
1760 2866 1841 2931 alte-
1860 2891 1980 2948 m

218 2951 220 2968 '
254 2940 462 3010 'wniunfloe
490 2944 570 3005 intra
606 2957 728 3004 nattum
748 2939 873 3016 gradum
898 2945 1039 3016 ,tametsi
1078 2968 1143 3009 rum
1165 2944 1403 3021 racemum‚vel
1419 2944 1579 3006 minimum
1594 2943 1841 3027 aliquodlignunr
1861 2957 1917 3014 tle·

277 3041 343 3088 non
361 3020 460 3086 adsint
482 3022 531 3084 alii
554 2963 760 3110 tedenNam
781 3015 799 3078 st
821 3021 869 3082 ius
890 3038 950 3081 non
973 3038 1041 3095 pot·
1077 3025 1146 3089 inde
1167 3022 1337 3102 abstulisse,
1357 3043 1418 3087 non
1439 3022 1501 3086 stne
1521 3026 1609 3101 gravi
1631 3041 1760 3101 peccaro
1782 3025 1839 3092 Ti·
1910 3081 1915 3088 .

218 3163 223 3170 .
278 3100 320 3168 ull
341 3121 414 3167 eum
433 3100 614 3177 compellere
633 3100 671 3162 ad
687 3092 779 3160 tesltfi
798 3098 910 3162 andum
930 3118 1039 3164 contra
1076 3108 1155 3168 tium
1175 3105 1402 3181 denunciarer3
1431 3104 1504 3179 quia
1531 3101 1666 3184 Titius,
1692 3109 1742 3182 qui
1770 3126 1839 3171 reue

218 3251 223 3262 ,
249 3221 263 3240 ·
279 3179 425 3260 leipsuna,
446 3184 489 3245 ita
501 3200 557 3246 nec
578 3177 1040 3243 addenuncirudumtlexenim
1074 3205 1136 3249 non
1153 3183 1196 3252 esi
1217 3181 1270 3249 nisr
1294 3181 1454 3249 levissimae
1470 3183 1588 3261 tulpae,
1606 3204 1676 3261 quae
1692 3204 1758 3250 non
1772 3183 1839 3250 sub·

279 3258 480 3328 ecclesiastica
499 3281 559 3326 non
578 3255 1039 3347 debet-cedereinbenignirate,
1076 3269 1154 3330 iacet
1170 3266 1505 3341 excommunicationi,
1524 3279 1731 3338 exponeretur
1762 3267 1841 3340 peri·

279 3339 402 3420 ligando
421 3359 492 3419 eor,
534 3361 588 3406 nor
615 3339 665 3402 lex
689 3337 792 3401 civilis
814 3358 875 3402 non
902 3339 1041 3418 obligat,
1074 3347 1147 3408 tulo
1165 3347 1268 3409 damni
1297 3345 1462 3422 gravioris,
1490 3342 1603 3405 scilicet
1634 3339 1846 3408 satisfaciendi·

277 3417 364 3487 siruti
385 3418 429 3485 esl
451 3365 605 3485 residem
624 3436 735 3482 contre
763 3416 965 3481 coniundloa.
990 3419 1039 3483 ln·
1076 3426 1136 3488 toti
1158 3424 1271 3488 damno
1292 3429 1392 3488 vineae
1415 3421 1467 3485 vel
1489 3419 1584 3499 sylvae
1609 3421 1714 3509 illuto.
1736 3419 1840 3486 Tene·

278 3495 392 3566 habiles
408 3514 513 3565 tamen
530 3502 568 3564 ed
589 3494 830 3575 testificandum,
850 3515 886 3561 ut
908 3494 978 3563 sunt
996 3503 1049 3562 im.
1076 3523 1161 3568 retur
1190 3521 1294 3567 trtucn
1325 3502 1430 3566 Titius
1458 3503 1490 3563 in
1521 3501 1575 3564 teli
1594 3500 1665 3564 crlu
1695 3497 1841 3566 resarcite

278 3575 391 3657 lamet,
414 3580 448 3647 dt
473 3580 674 3655 huiusmodi,
707 3596 853 3642 tenentur
875 3580 1040 3657 revelare,
1075 3582 1244 3658 damnum,
1266 3583 1337 3647 licet
1366 3580 1462 3658 leve,
1482 3601 1501 3645 a
1521 3579 1551 3644 se
1583 3580 1724 3645 illatum:
1754 3579 1840 3646 Nam

223 3675 227 3686 ·
278 3657 448 3737 presertim
467 3683 537 3726 cnm
562 3658 708 3724 deliciunt
729 3658 798 3723 aliae
820 3659 1037 3738 probationem
1074 3668 1188 3730 merito
1203 3662 1409 3729 Monitorium
1430 3660 1664 3741 promulgetur,
1682 3676 1717 3725 ut
1742 3656 1850 3726 resen.

277 3741 348 3818 ‘1⁰5¹
375 3762 486 3808 eorum
513 3741 722 3806 testimonium
750 3759 812 3802 ¹¹⁰ss
841 3742 968 3812 omnino
995 3742 1038 3805 est
1074 3752 1175 3811 cietur
1195 3747 1390 3820 ¹denrnume
1420 3741 1551 3821 pluribus
1578 3740 1732 3819 illerum,
1758 3737 1839 3816 quod

229 3893 234 3900 ,
277 3819 468 3901 invalidum,
485 3825 556 3899 quia
583 3818 639 3885 etsi
665 3839 726 3885 non
751 3818 900 3898 probent,
920 3817 1039 3888 sariunt
1074 3825 1141 3890 fieri
1169 3828 1274 3902 nequit
1313 3822 1367 3888 nii
1390 3821 1513 3901 quisque
1537 3823 1694 3885 minimam
1719 3836 1844 3898 partem

278 3900 682 3979 “messifzsuml’tionessh
1075 3906 1210 3971 ablatem
1241 3870 1410 3971 tedituat.
1438 3901 1530 3979 Qrod
1560 3899 1582 3962 st
1610 3896 1839 3993 ‘Titiusmul

310 3979 478 4046 monitoris
500 3987 531 4047 vi
554 4000 644 4062 nemo
665 3980 804 4046 revelare
823 3980 1037 4058 teneturquod
1073 4009 1144 4050 cum
1162 3986 1229 4051 aliis
1244 3986 1320 4049 illud
1339 4003 1433 4063 grave
1454 3984 1597 4045 damnum
1614 3980 1775 4053 tntuletrt,
1791 3996 1838 4040 te·

278 4054 333 4124 stit
363 4077 489 4127 tantum
519 4060 571 4126 sub
594 4060 726 4126 naturali
751 4062 866 4128 secreto
889 4061 1040 4127 adfinem
1075 4084 1216 4143 necetur,
1236 4068 1302 4130 aliis
1324 4085 1384 4128 non
1407 4057 1680 4137 satisfacientibus,
1695 4058 1847 4124 damnum

278 4133 407 4205 debendi
427 4139 610 4215 consilium,
630 4162 684 4204 aut
707 4141 856 4205 auxillum
876 4191 885 4220 ,
909 4160 943 4207 ut
964 4158 1037 4206 con·
1075 4166 1178 4210 totum
1199 4166 1251 4221 per
1267 4141 1392 4220 seipsum
1407 4137 1600 4217 compensate
1621 4185 1632 4216 ,
1655 4140 1701 4202 ita
1725 4153 1760 4201 ut
1781 4134 1836 4201 nist
1860 4195 1862 4200 .

276 4223 396 4301 tingere
409 4220 508 4298 potest
526 4224 556 4285 in
576 4222 720 4297 Medicis,
741 4221 896 4300 Chirurgie
917 4270 926 4300 ,
950 4223 1039 4287 Plrar·
1075 4228 1131 4290 lroc
1152 4221 1266 4301 saciat,
1286 4220 1511 4287 denuntiandus
1532 4215 1588 4283 stt.

274 4301 462 4382 ortopolis,
482 4300 723 4379 Obstetricibut,
747 4301 940 4376 Advocatir,
968 4305 1039 4367 Pro·
1114 4307 1177 4381 Qui
1204 4325 1257 4383 per
1280 4302 1396 4379 plateas
1417 4299 1454 4364 ab
1475 4297 1658 4368 hominibus,
1672 4297 1838 4393 incognitis

276 4380 487 4462 curatoribus,
508 4380 761 4459 Tabellionibus,
779 4381 814 4448 dt
842 4382 1011 4447 huiusmodi
1031 4430 1040 4462 ,
1075 4407 1129 4449 nec
1151 4381 1212 4448 fide
1234 4377 1328 4463 dignis
1349 4381 1469 4445 audivit
1484 4428 1493 4456 ,
1509 4382 1623 4445 crimen
1640 4398 1658 4443 a
1675 4377 1751 4444 Cato
1767 4374 1840 4442 suis·

271 4463 324 4536 uui
347 4460 464 4528 secreta
489 4463 702 4537 infirmorum,
720 4463 894 4538 clientum,
913 4463 948 4529 dt
967 4463 1040 4528 alio·
1075 4464 1103 4529 se
1124 4482 1334 4544 perpetratum
1353 4509 1362 4539 ,
1381 4481 1442 4525 non
1473 4478 1599 4525 tenetur
1624 4457 1839 4532 denunciare3
1875 4515 1878 4524 .
1907 4507 1909 4512 .
2028 4509 2030 4514 .

275 4558 339 4603 tum
372 4539 428 4606 sub
446 4541 589 4609 'naturali
621 4540 719 4621 sigillo
740 4546 939 4620 percipiuur3
966 4544 1040 4620 quia
1074 4550 1145 4624 quia
1163 4544 1235 4618 talis
1251 4542 1447 4608 denunciatio
1464 4540 1580 4605 nullam
1601 4537 1692 4603 fidem
1722 4536 1841 4601 sacetea

273 4618 425 4701 obligatio
444 4620 586 4688 servandi
607 4625 670 4686 tale
686 4621 812 4701 sigillum
835 4621 879 4685 esl
900 4628 974 4686 iuris
986 4644 1040 4687 na·
1076 4631 1106 4689 in
1127 4624 1258 4689 iudicio.
1280 4623 1312 4685 Si
1329 4641 1405 4686 vero
1424 4622 1578 4686 audivita
1598 4616 1658 4683 fide
1673 4618 1786 4711 digno,
1805 4612 1840 4682 dr

274 4702 404 4779 curalo,
426 4701 505 4780 quod
522 4702 676 4781 praevalet
698 4698 1040 4767 iuriecclestallicosbu
1077 4710 1123 4769 hic
1147 4705 1341 4781 denunciet,
1371 4722 1434 4767 non
1466 4718 1590 4766 tenetur
1625 4698 1839 4773 denunciare,

254 4779 428 4857 positivo.
454 4785 505 4848 Sic
524 4779 654 4848 barbosa
675 4780 709 4847 dt
735 4787 945 4848 communiter
973 4783 1040 4846 DD.
1076 4788 1146 4863 quia
1166 4788 1229 4848 eius
1247 4782 1453 4847 testimonium
1469 4781 1512 4846 nil
1534 4780 1680 4844 adderet.

272 4881 341 4928 cunr
357 4863 530 4930 S.''l‘homa
550 4884 579 4939 q.
602 4877 718 4943 poert.
741 4883 768 4925 t.
784 4861 818 4928 dt
833 4881 863 4927 a.
880 4865 982 4929 Aliter
993 4880 1041 4927 ta·
1117 4865 1324 4930 Monitorium
1349 4861 1576 4939 promulgatum
1602 4862 1635 4920 in
1660 4875 1721 4920 una
1748 4856 1842 4949 Pero«

272 4959 342 5008 men
362 4944 544 5023 dicendum,
564 4942 586 5007 st
607 4962 717 5023 agatur
730 4943 772 5007 de
793 4944 960 5019 reparando
975 4962 1041 5021 gra·
1076 4946 1164 5022 chia,
1183 4945 1405 5022 obligetetiam
1422 4937 1658 5029 vicinoseident
1673 4933 1842 5029 Parocbrae,

274 5028 305 5088 vi
325 5023 439 5091 damno
462 5025 673 5104 Reipublicae,
693 5044 747 5089 aut
769 5025 872 5090 territe
889 5019 1042 5104 persone,
1077 5030 1127 5103 qui
1148 5026 1187 5090 de
1206 5026 1262 5090 illo
1283 5022 1470 5099 audierunt,
1490 5016 1512 5081 fi
1532 5010 1842 5112 sintnetusdemvrre·

269 5105 466 5348 eno<plitet
492 5110 608 5178 evitati
635 5104 688 5174 seu
712 5103 851 5192 impediri
877 5120 1040 5186 nequeat,
1077 5103 1183 5188 oefir,
1210 5104 1262 5186 qui
1298 5100 1425 5171 subsunt
1460 5092 1660 5166 iutildtdtotu
1695 5092 1846 5242 *W
