4584 5992
1224 417 1253 486 ὅ

692 547 1448 633 piceusurrr‘cat.
1498 549 1564 628 11.
1782 575 1854 655 ¹35

364 652 407 725 ,a
429 664 552 718 certum
570 663 706 729 tempus,
734 649 786 717 vel
811 647 863 714 suli
883 650 987 727 aliqua
1013 650 1118 713 condi·
1154 655 1297 718 maitimae
1315 650 1383 718 sunt
1403 653 1498 719 etiam
1513 651 1690 734 degradatio
1703 651 1913 741 clericorum,

365 742 475 811 tione,
493 728 593 808 elapso
613 731 670 794 illo
684 733 756 795 dtto
773 749 927 807 tempore,
947 728 997 793 vel
1015 730 1116 792 condi·
1155 734 1187 800 ὰ
1207 730 1456 810 depastumque
1471 752 1542 798 eum
1563 736 1734 810 antiquitus
1744 734 1911 811 promiscue

366 821 453 883 tione
476 812 630 886 impleta,
658 808 760 875 slatim
789 829 840 887 per
865 807 893 874 se
923 807 1017 874 cessat
1037 853 1046 869 .
1070 810 1119 876 Sic
1155 812 1368 889 sumerentur,
1386 832 1496 889 nempe
1516 812 1553 877 ad
1570 811 1819 892 significandum,
1837 816 1915 880 Cle·

364 892 477 961 Glolla
489 892 691 955 commulcet
708 906 831 965 recepta
851 891 883 953 in
909 889 1060 952 Clemem.
1092 910 1118 953 ι.
1152 897 1250 957 iicum
1264 893 1518 970 condemnatum,
1544 892 1759 968 lucumonem
1787 898 1913 973 renuit,

292 974 295 980 ’
365 972 464 1039 verbo
483 976 577 1036 Donec
595 969 787 1035 dedecimir.
806 967 884 1033 Etsi
907 970 971 1034 tale
994 970 1121 1033 interdi·
1155 977 1315 1047 amittere,
1337 972 1517 1051 &agritii
1535 968 1579 1038 sui
1607 969 1732 1038 Ordinis
1752 974 1913 1051 excidere3

365 1054 448 1119 tium
470 1048 767 1130 latumfitaiure,
789 1066 862 1115 ante
887 1044 1024 1127 elepsum
1044 1066 1121 1113 tem·
1155 1052 1225 1118 hiric
1245 1049 1288 1116 cll
1327 1053 1385 1116 uod
1406 1071 1488 1116 nunc
1515 1053 1631 1127 etiam,
1658 1052 1779 1127 quando
1807 1051 1913 1118 secun·
1986 1082 1994 1097 ·

366 1154 423 1211 piis
444 1180 453 1209 ,
478 1131 512 1196 ἀ
540 1128 747 1194 conditionem
774 1129 933 1205 impletam
957 1128 1121 1209 Episcopus
1154 1133 1228 1195 dum
1247 1072 1427 1206 praelentem
1446 1126 1632 1207 disciplinam
1650 1128 1912 1197 obdt'veilitatena

366 1207 534 1288 dispensare
557 1211 682 1289 nequit,
706 1208 762 1272 nisi
786 1208 981 1274 interdiltum
1012 1228 1121 1285 proee-
1155 1210 1318 1277 elsetluum
1336 1210 1585 1289 distinguuntur,
1606 1210 1832 1289 degradationis
1851 1231 1912 1276 no·

366 1297 435 1356 niae
460 1288 607 1354 adelillo
632 1289 756 1355 occulto
781 1289 916 1354 nondum
938 1286 1067 1355 dedudlo
1084 1289 1121 1352 ad
1156 1310 1226 1355 meri
1251 1289 1472 1367 quodammodo
1500 1289 1639 1358 includat
1667 1288 1912 1367 depositionem

367 1370 470 1437 sortirii
490 1368 744 1449 contentiosum,
769 1372 840 1446 quia
864 1368 1005 1434 censetur
1026 1372 1120 1433 tacite
1156 1368 1204 1435 sed
1225 1372 1312 1436 iuxta
1339 1367 1548 1447 disciplinam,
1573 1390 1643 1446 que
1656 1369 1793 1436 invaluit
1812 1368 1912 1446 polleh

367 1450 574 1515 reservatum.
598 1450 728 1527 Pirliing.
747 1453 779 1514 in
800 1449 852 1513 lut
874 1453 1011 1514 canonic.
1028 1449 1122 1513 Sive-
1157 1450 1285 1516 rioribtte
1319 1449 1524 1529 temporibut,
1554 1449 1674 1518 indulta
1696 1448 1739 1515 est
1760 1446 1913 1517 dillinllio

335 1545 341 1556 '
366 1551 403 1597 ru
423 1528 617 1594 interdiltum
645 1530 742 1593 locale
765 1531 816 1593 vel
838 1527 997 1604 personale
1017 1549 1034 1592 a
1055 1530 1122 1592 iure
1157 1535 1239 1596 inter
1258 1528 1503 1608 degradationem
1531 1526 1566 1596 ἀ
1593 1529 1836 1612 depositionem,
1865 1531 1914 1598 ita

367 1610 523 1675 communi
550 1608 587 1680 sit
616 1608 731 1682 latum,
759 1609 795 1674 dt
821 1627 882 1672 nori
912 1603 1122 1686 reservatum,
1157 1629 1192 1676 ut
1216 1608 1289 1675 talia
1316 1628 1427 1686 poena,
1453 1610 1633 1687 degradatio
1661 1626 1811 1688 vocetur,
1899 1639 1914 1658 ·

367 1691 438 1755 toilt'
455 1687 551 1776 potest
577 1687 615 1753 ab
636 1688 741 1765 Episco
789 1688 872 1765 ,vel
894 1686 1123 1781 abaliohaben·
1158 1709 1246 1754 renue
1278 1687 1456 1771 degradatio
1482 1687 1526 1754 est
1561 1688 1650 1754 realia
1680 1689 1730 1753 len
1759 1627 1914 1779 astuallln,

368 1788 401 1836 te
421 1766 658 1834 iurisdietionem
680 1768 735 1844 Epi
750 1770 886 1846 oopalem
902 1771 933 1830 in
948 1767 1124 1831 Communi·
1159 1785 1252 1848 prout
1269 1786 1346 1833 veto
1359 1767 1402 1832 ess
1418 1765 1571 1844 verbalis,
1586 1770 1699 1855 dicitur
1715 1769 1882 1845 depositio.

367 1857 467 1915 tatem
498 1846 685 1913 interditlmi
711 1869 750 1912 eit
773 1868 839 1925 cap.
870 1850 975 1926 Nuper
1008 1865 1059 1928 29·
1086 1846 1124 1911 de
1198 1847 1498 1927 Depradatioi'gitur
1519 1849 1679 1913 realiileu
1704 1846 1914 1925 inuitum,

363 1929 439 2012 lent.
460 1929 666 1993 excommunic.
687 1928 717 1989 Si
740 1947 843 1993 autem
864 1929 963 1995 latum
981 1926 1019 1992 sit
1040 1929 1122 1991 aPa·
1158 1930 1278 2007 quando
1296 1926 1338 1995 oli
1355 1926 1465 1992 Clerici
1493 1928 1789 2007 incorrigibilitatem
1811 1924 1913 1991 allua-

368 2031 408 2087 pa
425 2025 580 2084 tamqnam
607 2007 645 2073 ab
673 2007 814 2084 bomine,
843 2027 907 2072 non
992 2006 1034 2070 est
1056 2009 1123 2083 Epi·
1160 2012 1233 2090 liter
1255 2011 1286 2071 iu
1311 2024 1510 2086 perpetuum,
1534 2008 1567 2075 dt
1588 2007 1650 2072 litte
1672 2008 1722 2087 lpe
1741 2006 1914 2076 restitutio·

369 2089 475 2168 scriptia
496 2088 574 2152 illud
589 2090 747 2152 relaxare.-
773 2088 856 2152 Nem
871 2108 928 2153 cen
943 2108 996 2151 tire
1011 2086 1124 2165 specia-
1159 2093 1225 2167 nia,
1240 2089 1367 2154 ctericus
1387 2092 1547 2165 privatur,
1565 2088 1805 2161 exaurhoratur,
1825 2088 1914 2150 citui·

369 2169 441 2234 liter
462 2169 526 2232 lata
544 2170 584 2232 eb
603 2167 749 2247 homine,
764 2166 877 2234 auserti
895 2172 1000 2244 rieqiiit
1017 2168 1070 2231 nisi
1088 2166 1124 2230 ab
1160 2187 1212 2234 tor
1232 2167 1266 2233 δι
1282 2163 1428 2243 spoliatur
1449 2188 1512 2233 non
1532 2169 1627 2233 solum
1652 2171 1735 2232 omni
1755 2163 1857 2231 officio
1878 2165 1914 2231 dt

367 2246 436 2326 ipso
453 2244 590 2321 serente,
622 2249 673 2312 vel
694 2249 859 2327 delegato,
885 2264 939 2312 aut
964 2248 1124 2323 Superiore
1159 2245 1332 2323 beneficio,
1361 2248 1523 2311 sedetiam
1546 2252 1630 2311 omni
1654 2247 1797 2315 Clericali
1820 2247 1912 2327 privi-

367 2332 400 2391 in
417 2327 511 2403 ipsum
536 2327 906 2403 plenamiurisdidlionem
926 2326 1056 2392 habente
1083 2346 1124 2390 eir
1161 2330 1241 2408 legio
1268 2346 1322 2406 per
1348 2324 1569 2393 detradliooem
1598 2328 1756 2405 insignium
1784 2327 1916 2390 Clerica·

365 2421 433 2483 e'ap.
454 2406 610 2480 Pastoralt's
627 2426 673 2469 ιι.
692 2414 718 2475 §.
739 2412 887 2474 Praeteree
901 2410 937 2473 de
952 2408 1021 2488 offic.
1038 2406 1124 2471 Ordi·
1161 2410 1235 2473 lium
1251 2428 1321 2470 cum
1339 2402 1532 2473 solemnitate
1552 2428 1569 2470 a
1587 2412 1653 2471 iore
1670 2406 1865 2484 prescripta,
1879 2404 1915 2472 ἃ

366 2483 467 2552 nerii.
497 2487 602 2552 Multo
621 2490 725 2552 minut
743 2505 890 2564 poterunt
915 2487 1063 2564 Paroclii,
1090 2486 1124 2550 dt
1160 2487 1296 2555 traditur
1321 2484 1425 2551 Curiae
1445 2482 1581 2551 saeculari
1594 2534 1604 2562 ,
1619 2490 1710 2552 iuxta
1730 2486 1811 2565 leges
1833 2485 1917 2549 abea

366 2561 548 2630 mirentur
576 2569 671 2631 etiarn
701 2568 885 2647 privilegiati
914 2570 1047 2643 quodvis
1077 2567 1125 2627 ln·
1161 2565 1353 2645 puniertdut;
1382 2568 1426 2630 ita
1453 2582 1489 2631 ut
1516 2565 1620 2642 siquis
1643 2566 1736 2628 talem
1763 2566 1918 2633 Cletieutu

287 2671 293 2678 ·
365 2643 530 2712 terdillum
559 2646 719 2722 relaxare;
749 2650 819 2722 piria
844 2648 883 2717 ad
907 2647 1003 2715 talem
1024 2643 1124 2709 adum
1161 2659 1356 2724 percuteret,
1383 2661 1522 2719 peccaret
1551 2646 1692 2722 quidem,
1712 2642 1760 2710 sed
1780 2664 1842 2706 non
1869 2646 1917 2706 ita·

365 2729 532 2800 requiritur
564 2723 727 2788 iurisditlio
762 2730 794 2788 in
834 2722 901 2789 foro
939 2726 1091 2788 exteriori
1121 2773 1130 2801 ,
1160 2739 1297 2792 curreret
1312 2726 1687 2791 excommunicationem:
1716 2719 1918 2803 Sic-Barbula

276 2850 279 2858 .
365 2826 459 2880 quam
488 2806 620 2865 illinon
651 2802 783 2880 liabent,
809 2803 858 2867 sed
890 2803 986 2867 solum
1007 2807 1037 2863 iri
1059 2800 1126 2865 loto
1161 2826 1231 2870 cum
1254 2806 1436 2867 communi.
1471 2804 1554 2866 Nam
1583 2824 1634 2881 per
1667 2804 1763 2868 talem
1792 2807 1916 2880 pteoaau

367 2886 509 2947 interiori
531 2879 743 2947 eonscientiae.
759 2883 864 2947 Lorne
879 2881 1024 2948 autem&
1036 2886 1126 2947 Com·
1161 2886 1281 2953 amittit
1301 2881 1482 2963 degradatur
1502 2885 1695 2963 privilegium
1710 2883 1865 2960 Canonis,
1879 2882 1916 2952 dt

366 2962 504 3025 munitae
519 2981 581 3025 non
599 2959 755 3027 subiacent
785 2964 898 3028 iudicio
917 2967 1042 3029 interno
1070 2983 1127 3042 pto
1161 2969 1302 3045 privatur
1323 2962 1412 3037 privil
1451 2967 1481 3026 io
1511 2963 1592 3041 lori,
1616 2981 1767 3039 quatenus
1791 2966 1916 3027 elicitur

366 3036 438 3105 foro
458 3045 590 3116 aiiimae,
610 3055 646 3103 ut
666 3059 770 3117 patet.
1159 3067 1179 3110 a
1199 3042 1267 3110 soro
1291 3040 1416 3106 ccclesia
1444 3045 1510 3122 ico,
1530 3042 1563 3109 dt
1588 3044 1722 3110 traditur
1743 3044 1914 3122 puniendus

406 3117 607 3184 Interdislum
632 3121 841 3198 quodcumque
862 3121 960 3187 letirn
985 3141 1039 3198 pet
1058 3119 1124 3200 spe·
1159 3126 1231 3191 soro
1254 3121 1306 3187 seu
1330 3121 1433 3189 Coriae
1463 3121 1619 3204 seculari,
1643 3145 1705 3189 nori
1727 3123 1812 3188 secut
1835 3118 1914 3188 acsi

282 3204 289 3217 '
365 3199 476 3264 cialem
497 3199 686 3265 senteutiam·
703 3201 740 3265 ab
756 3201 896 3280 homine,
916 3204 1070 3280 relaturi,
1087 3220 1124 3268 ut
1158 3206 1234 3271 esset
1255 3204 1389 3284 Laicis,
1406 3206 1549 3279 quamvis
1569 3206 1600 3269 in
1620 3225 1659 3269 eo
1679 3203 1826 3270 tradendo
1846 3198 1915 3267 soro

366 3278 456 3343 niodo
470 3279 621 3357 diximus,
642 3277 694 3345 seu
710 3282 778 3346 tolli
795 3285 923 3362 nepote,
937 3280 993 3347 nist
1009 3282 1047 3347 ab
1062 3278 1124 3361 ipso
1158 3285 1245 3351 civili
1264 3281 1375 3347 debeat
1395 3280 1527 3348 Ecclesia
1556 3304 1612 3361 pro
1635 3305 1676 3348 eo
1700 3282 1914 3360 intercedere,
2048 3325 2063 3349 κ

366 3357 514 3434 qolillud
534 3358 705 3438 tulit,aut
726 3360 846 3428 abelus
867 3361 1051 3436 sumsere,
1072 3364 1124 3425 de-
1158 3385 1193 3432 ut
1222 3366 1303 3429 citra
1335 3366 1443 3425 mortis
1471 3363 1638 3436 periculum
1664 3364 1730 3425 eiua
1763 3360 1916 3430 sententie

368 3436 490 3531 legato,
507 3457 576 3533 latit
604 3440 784 3519 Superiore,
810 3443 864 3520 qui
885 3444 1048 3521 poliremus
1070 3441 1122 3507 lit·
1159 3445 1334 3510 roderetur
1345 3463 1411 3518 cap.
1421 3441 1574 3507 Novimus
1592 3438 1751 3507 devertor.
1755 3438 1913 3581 signastis.

366 3514 418 3581 bet
443 3537 477 3580 in
504 3516 568 3595 ipso
596 3516 713 3585 serente
742 3522 861 3597 plenam
889 3521 1123 3586 iurisditlionem
1159 3519 1711 3599 Nmrrivatureameiicharitose,
1732 3525 1820 3596 quie
1866 3538 1915 3581 in·

366 3617 433 3685 cap.
450 3599 605 3679 Pastorelis
623 3618 668 3664 it.
691 3600 720 3676 ᾗ
746 3604 896 3666 Praetrm
921 3603 960 3665 de
978 3601 1047 3682 offic.
1068 3605 1123 3665 Or·
1158 3602 1292 3669 delebilis
1309 3620 1376 3678 cap.
1396 3600 1561 3680 ostenditur
1583 3616 1631 3679 30.
1653 3598 1721 3666 dill.
1742 3622 1771 3678 φ
1791 3602 1829 3663 dr
1847 3618 1913 3665 con·

364 3676 493 3743 dimit.
518 3679 568 3748 lta
590 3680 637 3742 illi
660 3678 714 3744 soli
740 3680 897 3759 supradidli
923 3683 1042 3760 poliunt
1071 3681 1124 3746 ab·
1150 3684 1256 3766 secem.
1274 3701 1309 3744 ac
1326 3683 1455 3757 proinde
1473 3678 1496 3744 si
1515 3678 1553 3746 sit
1569 3682 1711 3750 Sacerdos
1720 3726 1731 3759 ,
1749 3700 1805 3747 nec
1824 3695 1913 3755 pote·

366 3754 487 3823 solvere
506 3759 544 3826 ab
572 3757 732 3825 interdillo
761 3762 829 3827 lato
859 3782 911 3838 per
940 3761 1123 3827 sententiani
1158 3759 1587 3845 natevitiaeoonseernidn
1608 3762 1679 3838 qiua
1697 3761 1762 3829 liaec
1779 3757 1913 3840 poteslaa

364 3838 558 3920 generalem,
576 3839 705 3916 quando.
719 3841 824 3907 audior
839 3843 924 3907 illiue
943 3844 975 3905 in
991 3841 1050 3919 ipsa
1068 3862 1122 3923 ge·
1155 3844 1199 3910 eli
1215 3842 1317 3908 solum
1333 3840 1510 3919 simpliciter
1528 3839 1730 3921 impedibilii,·
1750 3858 1849 3916 neque
1867 3834 1914 3902 sa·

364 3918 463 3988 netuli
486 3919 637 3986 sententia
666 3922 730 3985 eiua
761 3922 983 3987 absolutionem
1003 3920 1054 3987 sibi
1077 3942 1122 3985 re·
1156 3926 1276 3989 cultate
1293 3920 1466 3988 absolvendi
1486 3924 1518 3985 in
1537 3922 1645 3993 mortis
1665 3921 1817 3998 periculo,
1838 3918 1920 3992 qnia.

303 4003 306 4008 '
363 3992 521 4077 iuravi,
540 4022 576 4065 ca
596 4043 605 4062 .
626 4002 733 4081 Nuper
756 4004 794 4066 de
830 4020 889 4071 ent.
911 4003 1119 4068 communic.
1158 4025 1210 4081 pro
1231 4021 1304 4068 tunc
1325 4002 1412 4067 nulla
1426 4000 1471 4068 cll
1491 4000 1615 4066 casuum
1630 4001 1815 4066 reservatio.
1833 3996 1912 4061 Non

362 4071 557 4177 luterdillum
578 4022 677 4144 locale
694 4102 837 4163 generae
862 4106 924 4147 non
945 4081 1042 4161 potest
1076 4102 1121 4147 re·
1157 4085 1303 4177 liberatur
1326 4099 1431 4146 taiuen
1451 4082 1631 4174 degradatus
1653 4080 1691 4148 ab
1717 4097 1813 4173 noete
1832 4078 1911 4170 teci·

362 4153 458 4222 liaari
478 4161 517 4226 ad
532 4160 715 4241 cautelam,
740 4183 807 4242 cap.
835 4161 973 4242 Praesent.
994 4162 1030 4228 de
1042 4162 1120 4244 sent.
1157 4164 1242 4229 tandi
1262 4163 1364 4227 Horat
1381 4162 1573 4241 Canonicrt,
1595 4159 1791 4226 &servandi
1817 4154 1910 4222 calli·

360 4254 503 4303 excomm.
521 4242 552 4302 in
572 4243 602 4305 6.
623 4239 831 4320 Quacumque
851 4263 928 4307 vero
946 4243 1008 4308 alia
1024 4245 1119 4307 inter·
1158 4262 1274 4321 tareni,
1293 4260 1332 4305 ne
1352 4241 1486 4318 alioquin
1501 4261 1541 4307 ex
1565 4239 1623 4308 suit
1641 4239 1757 4307 delidlit
1776 4255 1912 4303 commo·

363 4316 437 4385 dista
467 4316 589 4397 possunt
617 4324 655 4387 ad
685 4325 839 4389 cautelam
864 4322 1018 4406 relaxari,
1047 4321 1122 4389 sicut
1156 4325 1228 4389 dunt
1242 4336 1404 4398 reportet:
1424 4318 1914 4386 estcoomuntsinmumto·

363 4403 656 4479 ucmmnuoicatim
689 4424 759 4469 cum
778 4404 1059 4470 circomtrtunicarlo
1088 4402 1121 4469 ὅι
1157 4404 1216 4469 luit
1237 4418 1344 4467 tamen
1365 4399 1446 4467 sacra
1469 4401 1677 4481 congregatio
1698 4400 1832 4465 Concilii
1860 4413 1911 4477 ις.

364 4478 559 4546 lttterdidluin
579 4484 644 4558 pari
666 4483 751 4560 palsu
774 4481 955 4560 procedant,
979 4499 1016 4547 tit
1032 4482 1123 4549 Glos·
1156 4479 1284 4562 Augusti
1305 4497 1393 4563 1703.
1415 4480 1449 4547 ἀ
1473 4484 1550 4546 aliae
1569 4480 1673 4558 postea
1697 4478 1840 4556 requisita
1858 4477 1912 4539 de·

364 4553 392 4621 sa
408 4562 525 4642 incap.
546 4558 714 4644 Praesenti,
730 4562 825 4630 verbo
839 4564 1050 4629 metemus.
1157 4562 1268 4639 finite,
1296 4582 1369 4627 uum
1395 4560 1615 4626 condemnatur
1642 4559 1681 4625 ad
1709 4562 1849 4625 triremct
1865 4572 1912 4620 te·

545 4668 553 4688 =·
1157 4641 1323 4707 neaturad
1340 4640 1514 4706 recitandae
1527 4642 1628 4706 Horta
1641 4639 1834 4705 canonicas.-
1849 4632 1912 4699 Itu·

671 4699 711 4794 ⁵¹⁴
737 4722 831 4791 XV?
1156 4743 1208 4788 tuo
1227 4743 1284 4789 nee
1303 4720 1444 4786 Clemeiit
1462 4721 1518 4789 xt
1540 4722 1590 4785 cui
1611 4717 1726 4784 remisit
1742 4714 1912 4808 sarracon·

365 4836 407 4903 Dr
424 4831 651 4919 medulone,
665 4840 858 4931 depositione,
875 4838 1020 4986 refusione
1032 4862 1057 4906 a
1068 4838 1119 4906 υἱ·
1155 4805 1295 4883 Milo
1314 4800 1530 4868 resolutionem
1547 4798 1633 4865 casui
1645 4844 1653 4860 .
1683 4796 1775 4861 Unde
1792 4793 1912 4874 colligi·

483 4915 588 5003 vinis,
609 4918 650 4993 (Ψ
668 4921 826 4989 vulatione
844 4921 902 4988 lice
914 4922 1001 5002 efiae.
1157 4902 1226 5028 {fri
1246 4882 1504 5037 ffi‘ggffnfgfff
1505 4876 1727 5035 ⁸1:⁶3¹?ng
1748 4874 1913 5019 &m

371 5111 374 5124 Ι
400 5032 487 5102 lnter
518 5056 625 5115 prenae
644 5039 819 5108 Cinouicae
839 5038 924 5103 ultra
948 5058 1125 5106 excommu-
1156 5045 1362 5107 communiter
1381 5039 1449 5105 DD.
1469 5061 1510 5105 eit
1525 5036 1663 5106 Concilio
1684 5033 1773 5100 Trid,
1788 5031 1851 5100 less·
1863 5046 1911 5113 13·

307 5187 310 5195 ,
365 5117 551 5191 nationem
560 5168 576 5206 ,.
597 5116 819 5202 suspenfiunetu
840 5113 879 5191 it
903 5116 1124 5204 interdilltim,
1156 5140 1222 5204 cap
1236 5144 1266 5206 4.
1280 5121 1319 5212 dr
1331 5118 1448 5206 reform
1464 5121 1516 5189 ulii
1532 5116 1662 5273 ιίὼῖιιι
1672 5136 1681 5180 :
1693 5113 1912 5257 pestique-nu
