4584 5992
962 558 1317 705 locandam
1358 623 1686 705 requiritur
1733 610 2043 684 Confessio
2081 621 2472 697 peccatorum

963 710 1279 782 Sacerdoti
1310 703 1466 773 saffia
1483 750 1500 767 .
1688 723 1691 725 ·

1047 789 1358 856 Honorius
1392 785 1503 850 111.
1525 830 1544 862 ‚
1575 779 1678 857 qui
1718 796 1796 842 eo
1838 791 2111 850 tempore
2144 767 2339 833 sedem
2368 766 2471 829 Pe·

965 874 1049 942 tri
1082 868 1331 936 tenebat
1355 916 1375 947 ‚
1411 883 1576 930 anno
1608 857 1837 923 scilicet
1874 872 2049 917 1221.
2082 850 2355 914 eamdem
2375 842 2479 905 In·

965 951 1340 1031 dulgentiam
1435 942 1502 1011 &
1560 940 1737 1003 illam
1794 936 2130 1014 plenariam
2190 921 2479 993 concessit

969 1037 1148 1098 iuxta
1184 992 1418 1103 exposit
1490 1043 1526 1087 a
1555 1019 1614 1084 S.
1648 1010 1968 1082 Francisco
1991 1007 2238 1103 prosola
2259 1002 2481 1079 Capel-

972 1114 1036 1180 la
1063 1108 1165 1176 scu
1197 1039 1458 1182 Eccieiss
1499 1098 1689 1167 rurali
1722 1097 1779 1161 S.
1814 1092 2031 1159 Mariae
2065 1085 2234 1153 ‹118ae
2251 1085 2324 1180 de
2346 1084 2479 1149 An-

1010 1190 1120 1256 elis
1151 1185 1221 1253 &
1259 1187 1404 1251 Port
1434 1179 1674 1248 unculae
1696 1224 1716 1257 ,
1754 1196 1792 1241 a
1832 1172 2037 1251 primis
2061 1166 2344 1259 vesperis
2360 1160 2480 1226 Ka·

970 1213 1380 1359 lendarurnA
1427 1259 1576 1343 gusti
1597 1255 1782 1332 usquc
1820 1254 1891 1318 ad
1918 1247 2347 1345 Vesperasdiei
2389 1243 2480 1335 se·

973 1364 1221 1505 qesta:
1239 1322 2481 1498 sienem.effinse-..3522

970 1448 1129 1572 iilud
1172 1522 1407 1582 tempus
1439 1521 1578 1567 eam
1640 1494 2084 1572 Indulgentiam
2114 1489 2333 1578 lucrari
2372 1502 2479 1546 cu·

967 1590 1206 1668 pientes
1224 1602 1428 1662 petere
1445 1579 1783 1646 debuerunt
1818 1567 2096 1638 Affifium
2117 1566 2191 1631 ad
2221 1565 2386 1628 diem
2408 1579 2466 1654 τ..

964 1664 1254 1748 Augusti.
1317 1663 1503 1729 Anno
1548 1676 1700 1723 vero
1755 1650 1926 1733 1480.
1991 1653 2321 1737 impetrata
2360 1637 2479 1705 fuit

1010 1747 1171 1811 tatia
1206 1764 1243 1809 a
1281 1743 1526 1807 Summo
1563 1732 1861 1802 Pontifice
1883 1778 1900 1808 ,
1939 1747 2007 1794 ut
2041 1720 2370 1805 Religiofi,
2410 1718 2477 1785 δι

1046 1823 1280 1889 oniales
1324 1820 1586 1885 eiusdem
1642 1815 1894 1879 Ordinis
1947 1807 2309 1873 Clausuram
2374 1800 2476 1864 ba·

969 1904 1186 1970 bentcs
1237 1899 1473 1979 poffent
1525 1898 1805 1963 obtinere
1853 1888 2301 1967 Indulgentiam
2338 1882 2483 1946 Por·

960 1982 1270 2050 ·tiunculae
1315 1986 1379 2042 in
1414 1977 1530 2043 suis
1573 1971 1878 2040 Eccleiiis.
1924 1968 2152 2035 Eadem
2180 1958 2482 2053 extensio,

960 2084 1042 2128 ‘ac
1081 2059 1385 2127 concessio
1416 2076 1581 2123 anno
1627 2074 1731 2129 15¹
1743 2072 1799 2129 5.
1830 2044 1988 2117 fasta
2025 2042 2149 2140 fuit
2180 2047 2254 2138 in·
2284 2041 2484 2133 specie

960 2161 1081 2219 pro
1139 2140 1512 2203 Monialibus
1565 2135 1625 2198 S.
1649 2134 1892 2207 Clarae,
1943 2142 2017 2193 ut
2066 2126 2365 2191 videlicet
2419 2138 2483 2180 in

962 2220 1085 2285 suis
1124 2218 1403 2283 Ecclesiis
1447 2214 1682 2293 possent
1743 2211 1965 2274 lucrari
2029 2205 2199 2298 Indul
2242 2203 2483 2267 entiam

959 2298 1378 2365 Portiunculae
1408 2344 1426 2373 ,
1466 2315 1542 2358 ne
1576 2292 1871 2357 haberent
1913 2283 2119 2352 ansam
2141 2284 2201 2347 di
2229 2299 2482 2378 curren·

967 2378 1072 2442 di:
1129 2398 1208 2443 ex
1248 2396 1372 2453 quo
1411 2374 1554 2439 colli
1599 2375 1762 2447 itur,
1810 2385 1960 2435 tunc
1995 2382 2287 2443 temporis
2327 2377 2483 2425 non-

969 2457 1119 2523 dum
1156 2453 1498 2522 concessam
1610 2452 1715 2516 iss'e
1757 2465 1867 2527 pro
1907 2443 2293 2512 sacularibus
2319 2489 2340 2521 ,
2375 2432 2485 2533 nisi

965 2553 1218 2603 tantum
1256 2532 1452 2599 Asi'iiii
1484 2581 1500 2609 ‚
1538 2532 1605 2597 δι
1646 2526 1965 2595 Monachii
2017 2529 2082 2589 in
2124 2525 2388 2588 Bavaria
2420 2538 2486 2581 in

960 2614 1240 2681 ‘Ecclesia
1271 2612 1637 2677 Monialium
1675 2612 1733 2673 S.
1775 2607 2018 2685 Clarae,
2062 2607 2162 2669 cui
2205 2597 2485 2666 Ecclefiae

963 2691 1321 2762 Bonifacius
1368 2691 1479 2756 IX.
1524 2710 1687 2756 anno
1730 2706 1901 2769 ¹40¹·
1943 2681 2239 2750 concessit
2273 2680 2486 2744 Indul-

1006 2776 1241 2839 entiam
1294 2769 1708 2838 Portiunculae
1766 2771 1960 2832 etiam
2020 2785 2128 2839 pro
2188 2760 2489 2827 saeculari·

1010 2876 1079 2918 us
1115 2899 1130 2914 .
1186 2853 1371 2916 Anno
1421 2870 1570 2914 vero
1634 2850 1813 2912 1622.
1862 2868 1919 2925 4.
1971 2844 2108 2909 Iulii
2156 2840 2489 2919 Gregorius

969 2933 1110 2998 XV.
1174 2953 1278 3008 per
1329 2929 1576 2994 Bullam
1637 2928 1918 3007 Splendor
1978 2928 2253 2988 Paterna·
2282 2921 2489 2998 gloriae

969 3014 1253 3082 extendit
1296 3013 1360 3072 in
1401 3022 1762 3086 perpetuum
1803 3005 1879 3070 ad
1926 3022 2137 3066 omnes
2200 2999 2489 3066 Ecclesias

970 3090 1225 3156 Ordinis
1264 3090 1579 3152 Minorum
1609 3087 1685 3153 dc
1702 3085 2113 3150 Observantia
2155 3084 2349 3145 etiam
2370 3080 2489 3146 Re·

973 3168 1383 3236 formatorum
1405 3214 1423 3246 ,
1465 3186 1571 3243 pro
1607 3164 1885 3231 omnibus
1915 3157 2412 3246 christifidelibus
2454 3182 2490 3226 a

976 3251 1185 3329 primis
1225 3245 1506 3327 Vesperis
1553 3248 1730 3323 primi
1785 3245 1903 3306 diei
1956 3240 2254 3321 Augusti,
2303 3241 2489 3318 ulque

974 3330 1050 3397 ad
1090 3329 1368 3394 occasum
1424 3326 1566 3391 solis
1611 3325 1728 3390 diei
1771 3322 2120 3401 sequentis,
2166 3319 2492 3384 dummodo

974 3412 1276 3475 luctaturi
1348 3404 1592 3473 confessi
1645 3405 1919 3478 suerint,
1973 3402 2040 3469 &
2099 3398 2271 3470 sacra
2312 3399 2493 3464 Com·

973 3492 1264 3554 munione
1327 3484 1530 3551 refesti
1573 3534 1591 3565 ,
1648 3508 1720 3551 ac
1759 3500 1944 3549 orent
2006 3480 2182 3563 juxta
2221 3492 2493 3544 mentem

974 3570 1205 3634 Summi
1267 3567 1583 3632 Pontificis
1615 3609 1632 3627 .
1701 3564 1989 3628 Eamdem
2045 3559 2493 3643 indulgentiam

973 3667 1145 3714 anno
1185 3645 1358 3710 1608.
1390 3647 1734 3713 c'onceliam
1775 3665 1812 3709 a
1859 3642 2052 3707 Paulo
2086 3641 2157 3703 V.
2203 3641 2277 3703 ad
2319 3640 2488 3703 dece·

979 3730 1194 3804 nium,
1219 3726 1552 3806 Gregorius
1591 3723 1729 3789 XV.
1763 3721 2047 3789 extendit
2092 3720 2165 3785 ad
2193 3718 2489 3783 Eccleiias

971 3806 1430 3887 Capucinorum
1469 3809 1530 3870 in
1565 3823 1969 3882 perpetuum,
2008 3817 2081 3866 ut
2133 3797 2391 3864 habetur
2429 3802 2493 3862 in

984 3886 1323 3954 Annalibus
1377 3884 1829 3963 Capucinorum
1881 3882 2169 3946 Boverii.
2237 3878 2331 3943 Ex
2373 3900 2493 3956 quo

984 3964 1174 4031 infert
1209 3968 1270 4031 Ρ.
1313 3964 1526 4031 Gobat
1561 3988 1616 4043 p.
1657 3985 1710 4025 2.
1744 3984 1877 4041 cap.
1904 3974 1963 4041 9.
2012 3980 2073 4023 n.
2120 3977 2147 4040 3
2158 3981 2249 4038 5¹·
2288 3959 2493 4024 Indul-

987 4050 1262 4125 gentiam
1299 4047 1374 4111 de
1413 4046 1815 4111 Portiuncula
1873 4063 1997 4107 non
2036 4056 2389 4117 competere
2428 4062 2493 4105 o-

984 4126 1224 4191 mnibus
1279 4125 1561 4191 Ecclesiis
1624 4125 1946 4189 Minorum
1994 4142 2097 4197 per
2130 4126 2294 4185 viam
2326 4141 2493 4185 com·

983 4201 1419 4270 municationis
1471 4206 1698 4270 Brivile
1742 4207 1936 4269 iorum
1971 4249 1989 4279 ‚
2050 4200 2121 4266 δε
2178 4217 2353 4280 patet
2417 4221 2493 4265 ex

985 4286 1115 4349 alio
1147 4283 1332 4347 Brevi
1366 4281 1598 4352 Urbani
1630 4283 1717 4346 Vl
1755 4285 1797 4347 1.
1839 4286 1939 4361 qui
1983 4302 2147 4347 anno
2185 4286 2360 4362 1643.
2389 4303 2493 4346 ex·

986 4365 1188 4428 tendit
1243 4364 1520 4429 eamdem
1575 4362 2024 4442 indulgentiam
2080 4363 2152 4426 ad
2205 4361 2498 4428 Ecclesias

986 4442 1191 4509 Tertii
1230 4444 1481 4507 Ordinis
1519 4442 1576 4505 S.
1597 4442 1897 4508 Francisci
1930 4492 1948 4523 ,
1980 4441 2137 4521 quod
2183 4463 2335 4520 opus
2369 4463 2493 4506 non

985 4521 1193 4589 fuisset
1220 4572 1238 4601 ,
1270 4521 1314 4585 {i
1357 4522 1822 4601 privilegiorum
1851 4524 2405 4601 communicatione
2424 4524 2493 4586 si·

987 4624 1068 4667 ne
1106 4601 1355 4680 speciali
1391 4599 1601 4665 summi
1637 4602 1952 4668 Pontificis
1983 4600 2366 4668 concessione
2426 4604 2493 4668 ad

982 4703 1196 4748 omnes
1225 4682 1275 4746 F
1281 4680 1660 4747 ranciscanos
1693 4684 1954 4747 Ordines
1984 4686 2234 4747 extendi
2271 4683 2493 4761 potuis·

983 4761 1109 4827 set.
1144 4762 1317 4828 Talis
1354 4760 1737 4841 indulgentia
1793 4766 1856 4826 in
1905 4760 2184 4829 omnibus
2223 4764 2493 4830 Ecclesiis

985 4842 1320 4923 Religionis
1377 4840 1723 4919 Seraphicae
1769 4862 1880 4919 pro
1930 4843 2029 4938 die
2086 4863 2146 4907 2.
2188 4845 2493 4926 Augusti,

982 4940 1384 5090 ixffszsszffi.
1416 4941 1541 5065 335²
1565 4922 1907 5068 15:¹32&
1939 4923 2272 5080 13221322.
2281 4947 2493 5076 VJ&

979 5079 1149 5162 seltct
1197 5081 1412 5145 record.
1480 5083 1629 5148 dato
1682 5084 1779 5148 die
1838 5101 1928 5146 12.
1987 5084 2263 5151 Ianuarii
2315 5092 2494 5169 1687.

2007 528 3192 591 &aeratus

2539 612 2677 682 stis.
2735 613 3133 681 Innocentius
3185 612 3325 680 ΧΠ.
3390 609 3500 680 suo
3539 609 3733 680 Brevi
3765 609 3915 681 dato
3956 611 4063 680 18.

2547 695 2800 841 {ileum
2848 698 3024 774 1695.
3067 697 3399 773 incipiente
3438 694 3849 775 Redemptor-is
3874 714 4062 773 ,con-

2543 798 2578 841 c
2663 793 2713 841 it
2768 772 3162 853 visitantibus
3217 776 3494 841 eamdem
3539 774 3870 840 Ecclesiam
3908 775 4061 839 Pot-

2551 855 2844 921 tiunculae
2871 903 2889 932 ,
2926 851 3028 917 seu
3066 854 3126 915 S.
3170 855 3380 921 Mariae
3424 855 3796 935 Angelorum
3837 872 4060 932 prope,

2547 935 2613 1003 &
2651 954 2830 1001 extra
2883 930 3162 998 Assifium
3192 934 3464 1012 quolibet
3504 937 3646 1000 anni
3707 936 3803 999 die
3856 934 4065 1010 plena-

2551 1020 2699 1080 riam
2757 1014 3239 1093 Indulgentiam,
3282 1036 3467 1091 quam
3525 1016 3650 1080 alio
3695 1014 3930 1091 Brevi,
3967 1013 4061 1075 in·

2547 1100 2821 1173 cipiente
2848 1091 3152 1174 Com-uffa
3183 1092 3343 1158 nobis
3384 1095 3529 1159 dato
3566 1094 3779 1159 eadem
3810 1095 3907 1156 die
3936 1140 3954 1170 ‚
3989 1089 4058 1158 δε

2551 1195 2714 1241 anno
2746 1196 2962 1251 nempe
2999 1173 3094 1237 18.
3136 1172 3390 1253 Augusti
3428 1176 3601 1252 1695.
3635 1170 4062 1240 conceffiteo·

2547 1256 2683 1320 dem
2721 1273 2941 1319 tenore
2977 1251 3368 1319 visitantibus
3404 1252 3733 1319 Ecclesiam
3772 1252 3832 1315 S.
3868 1251 4063 1317 Fran·

2547 1335 2687 1402 cilci
2726 1333 3256 1399 Conventualium
3294 1334 3369 1397 de
3405 1334 3687 1398 Civitate
3728 1329 3956 1397 Affifii.

2630 1414 3027 1493 Indulgentia
3068 1415 3337 1493 plenaria
3372 1414 3783 1477 Portiuncnlae
3827 1430 3938 1487 pro
3965 1409 4064 1474 die

2551 1494 3055 1668 ἕηὲζἛῗίέἑὲἑῖἷ
3079 1489 4063 1647 ἑὲἷῗὲιῗξίξὲξ..“ἰ.ῗ.ἲ.ῗὲῗ“ὓῗιῗὲ.“

2551 1654 2770 1720 Mariae
2831 1654 3206 1732 Angelorum
3268 1651 3502 1727 Affiiii,
3547 1671 3615 1717 ut
3669 1652 4061 1716 declararunt

2553 1734 2948 1799 Innocentius
2980 1731 3058 1796 X.
3106 1754 3161 1813 5.
3197 1732 3335 1798 Iulii
3379 1734 3594 1810 1650„
3649 1732 3934 1795 Clemens
3983 1726 4064 1791 X.

2556 1832 2649 1879 12.
2694 1810 2999 1907 Novemb.
3045 1817 3219 1900 1674.
3264 1811 3665 1876 Innocentius
3703 1807 4065 1950 §HL-16⁸2.

2552 1899 2615 1958 in
2650 1892 2759 1958 suo
2798 1892 2985 1957 Brevi
3048 1899 3380 1970 incipiente
3426 1897 3576 1958 Cum
3622 1888 3685 1955 ob
3713 1890 3874 1969 sacr!
3908 1893 3946 1953 1
4039 1914 4068 1933 ·

2551 1973 2631 2039 lei
2660 1970 3096 2039 celebrationem
3150 1977 3276 2035 (irc.
3316 1972 3465 2037 dato
3507 1969 3611 2037 sub
3669 1971 3765 2032 die
3807 1988 3908 2031 21.
3942 1972 4068 2033 Au·

2554 2052 2704 2133 gusti
2754 2055 2929 2131 1699.
2995 2054 3074 2118 Et
3132 2056 3281 2119 talis
3330 2052 3669 2116 declaratio
3733 2046 3887 2113 facta
3945 2045 4067 2110 suit

2551 2137 2743 2198 etiam
2778 2153 2811 2196 a
2851 2133 3179 2198 Clemente
3220 2130 3387 2196 vm.
3416 2179 3431 2208 ,
3491 2130 3558 2195 ἃ
3599 2128 3857 2194 Urbano
3899 2125 4067 2189 vm.

2552 2212 2619 2280 ὰ
2661 2210 2979 2279 noviffime
3012 2234 3049 2278 a
3087 2211 3410 2277 Benedisto
3448 2209 3618 2275 xm.

2632 2290 2703 2355 1n
2758 2292 2900 2358 aliis
2961 2313 3113 2357 vero
3156 2291 3470 2368 ecclesiis,
3523 2288 3593 2357 δε
3641 2290 3789 2354 locis
3819 2284 4071 2351 Ordinis

2552 2370 2929 2451 suspenditur
2967 2376 3156 2438 Anno
3208 2368 3426 2436 SanRo
3465 2389 3574 2447 pro
3625 2372 3789 2435 vivis
3816 2416 3834 2447 ,
3890 2369 4071 2431 mini-

2553 2473 2655 2518 me
2693 2473 2854 2519 vero
2893 2474 3000 2532 pro
3039 2450 3351 2518 Defunffis
3375 2499 3392 2525 ‚
3431 2468 3502 2514 ut
3539 2446 3722 2515 infert
3754 2448 3936 2514 Felix
3955 2449 4075 2512 Ρο-

2557 2532 2738 2598 testas
2797 2553 2878 2598 ex
2919 2531 3436 2598 declarationibus
3469 2526 3637 2595 fastis
3697 2549 3730 2592 a
3771 2528 4073 2604 Gregorio

2554 2611 2723 2677 x111.
2765 2614 3085 2678 Clemente
3141 2612 3307 2676 v111.
3355 2608 3611 2675 Urbano
3662 2608 3835 2671 vlu.
3891 2608 4073 2670 Inno-

2554 2697 2763 2759 centio
2802 2692 2912 2757 xl.
2957 2713 3170 2771 nempe
3212 2691 3631 2768 Indulgentias
3666 2708 3790 2752 non
3835 2686 4074 2761 suspen-

2554 2774 2613 2837 di
2659 2795 2822 2839 anno
2854 2771 3069 2837 Sansto
3125 2792 3231 2849 pro
3282 2766 3633 2836 constitutis
3689 2773 3751 2831 in
3808 2768 4072 2832 articulo

2556 2856 2811 2929 mortis,
2841 2852 2908 2917 ἃ
2944 2874 3051 2927 pro
3081 2849 3431 2917 Defunstis.
3474 2849 3555 2915 Et
3594 2846 3676 2914 (ic
3713 2868 3854 2913 cum
3896 2844 4078 2925 praxi

2559 2931 2772 3011 passim
2808 2932 3079 2996 sentiunt
3122 2931 3257 2995 DD.

2639 3013 2809 3076 Num
2851 3031 3003 3074 vero
3056 3007 3433 3090 Indulgentia
3483 3007 3894 3075 portiuncula
3961 3026 4075 3082 pro

2560 3111 2617 3154 2.
2671 3091 2770 3155 die
2821 3088 3075 3167 Augusti
3124 3091 3403 3156 concessa
3456 3110 3495 3155 a
3553 3091 3755 3165 primis
3793 3086 4076 3161 Vei'peris

2559 3170 2746 3248 usque
2779 3170 2850 3234 ad
2892 3167 3169 3235 occasum
3210 3171 3345 3235 solis
3400 3168 3665 3233 eiusdem
3713 3166 3873 3244 diei,
3911 3164 4079 3230 obti-

2561 3254 2689 3315 neri
2732 3246 2910 3326 possit
2952 3250 3122 3317 toties
3152 3249 3376 3331 quoties
3409 3272 3444 3313 a
3482 3244 3989 3312 christifidelibus
4012 3263 4078 3307 a·

2565 3332 2791 3408 liquam
2820 3328 3149 3394 Ecclesiam
3190 3331 3440 3395 Ordinis
3495 3325 3890 3392 Franciscani
3935 3321 4079 3389 viii·

2563 3410 2795 3487 tando,
2836 3410 2903 3473 ὅ(
2945 3410 3022 3473 ibi
3069 3410 3141 3474 ad
3176 3429 3442 3473 mentem
3476 3406 3790 3472 Pontificis
3823 3403 4081 3479 orande,

2564 3509 2777 3565 nempe
2839 3483 3020 3553 semel
3081 3510 3191 3564 pro
3232 3488 3288 3553 se
3330 3488 3488 3566 ipso,
3542 3486 3609 3553 &
3649 3486 3787 3550 aliis
3846 3483 4079 3548 vicibus

2564 3569 3040 3727 {essese
3047 3572 3441 3715 32‘52132321}
3462 3567 3780 3713 ‘greis
3811 3561 4082 3721 35:22:

2562 3750 2630 3793 ca
2660 3731 2844 3793 Vinea
2888 3750 3020 3805 cap.
3049 3728 3149 3792 28.
3173 3699 3263 3791 ἠ.
3307 3731 3437 3809 136.
3482 3727 3879 3791 Hermannus

2566 3813 2629 3872 in
2670 3805 2779 3873 suo
2822 3808 3120 3889 Seraphim
3156 3808 3555 3873 Firmamento
3588 3826 3648 3871 2.
3668 3808 3767 3871 dic
3798 3800 4086 3883 Augusti,

2563 3887 3040 3969 Kazcmberger,
3081 3890 3308 3966 aliique
3332 3886 3542 3982 passim
3565 3936 3583 3966 ,
3613 3887 3715 3964 qui
3750 3885 3867 3951 hoc
3900 3882 4086 3947 colli-

2564 3986 2756 4113 ἓξὲξ..
2774 3986 3019 4114 ’ἓᾙὲ
3048 3957 4088 4134 §effiv3?;‚⁹323111„⁰2¹⁹s‘¹.52522‡

2564 4127 2713 4206 bus,
2765 4124 2864 4191 sed
2896 4134 3087 4193 etiam
3136 4128 3375 4194 a‘Viris
3421 4127 3645 4202 doffls,
3697 4123 3767 4189 &
3802 4126 4089 4187 Primati·

2565 4208 2720 4284 bus;
2781 4207 2848 4272 ἃ
2905 4229 2984 4272 ex
3044 4206 3429 4286 responsione
3480 4208 3535 4271 S.
3579 4203 4091 4283 Congregationis

2564 4287 2861 4351 Concilii.
2891 4288 3049 4352 Cum
3087 4290 3252 4351 enim
3294 4287 3694 4351 Innocentius
3734 4282 3847 4349 Xl.
3887 4283 4091 4346 decre·

2568 4370 2735 4432 verit
2759 4416 2776 4443 ,
2821 4389 2891 4432 ac
2923 4368 3330 4434 declaraverit
3351 4386 3404 4447 7.
3431 4369 3644 4432 Martii
3680 4363 3853 4444 1678.
3886 4361 4092 4426 Indul-

2566 4450 2842 4530 gentiam
2876 4446 3056 4512 semel
3097 4450 3419 4512 dumtaxat
3458 4452 3521 4511 in
3562 4447 3659 4511 die
3705 4446 4091 4522 plenariam.
4140 4466 4144 4469 ’

2569 4534 2632 4592 in
2663 4531 2855 4594 certis
2887 4529 3092 4593 diebus
3136 4526 3462 4593 Ecclesiam
3516 4524 3912 4592 visitantibus
3952 4541 4093 4585 con-

2565 4610 2828 4686 cessam,
2880 4610 2982 4673 vel
3038 4609 3198 4673 aliud
3238 4611 3405 4684 pium
3446 4628 3594 4684 opus
3631 4600 4098 4683 peragentibus,

2570 4689 2859 4753 lucrifieri
2907 4712 2926 4768 ;
2979 4689 3046 4754 &
3085 4688 3335 4753 Fratres
3390 4688 3643 4751 Ordinis
3693 4685 3755 4747 S.
3786 4680 4097 4747 Francisci

2570 4764 3072 4835 Reformatorum
3104 4769 3180 4835 de
3228 4770 3555 4833 Provincia
3596 4766 3916 4831 Carniolae
3966 4782 4100 4839 per·

2571 4848 2889 4913 suaderent
2933 4850 3205 4929 populis,
3254 4846 3705 4926 indulgentiam
3752 4866 3859 4922 pro
3877 4844 3993 4906 die
4032 4860 4094 4904 z.

2572 4927 2819 5004 Augusti
2854 4929 2928 4992 de
2945 4927 3343 5014 Portiuncula
3384 4946 3801 5005 nuncupatam
3824 4973 3842 5002 ,
3879 4943 4094 4988 eorum

2569 5005 2897 5098 Ecclesiam
2917 5005 3327 5081 ⁴visitantibus
3355 5006 3701 5075 concessam
3724 5056 3742 5085 ,
3759 5004 3937 5069 toties
3952 5024 4094 5082 quo·

2569 5100 2683 5153 nes
2737 5087 2965 5154 eodem
3000 5087 3097 5151 die
3161 5086 3456 5174 lucrifieri
3509 5087 3710 5167 posse3
3760 5084 4094 5165 Episcopus

988 5157 1317 5241 conceffit,
1355 5176 1430 5244 ut
1465 5162 1664 5245 postet
1697 5163 1988 5247 applicari
2021 5166 2222 5236 ctiam
2278 5166 2515 5239 Defun-
2556 5164 2923 5237 Labacensis
2957 5187 3201 5247 aparte
3233 5172 3481 5252 Imperii
3510 5171 3751 5240 Orator
3767 5171 3951 5314 imni-a
3975 5159 4100 5233 ius·
