4584 5992
776 461 1564 546 ortirroireoitiirttsi
1817 495 1865 566 ¹9

361 590 400 641 to
415 589 526 638 eontra
545 567 727 634 Novrtores
743 578 895 655 negantes¹
912 560 1054 626 Ecclesia
1071 581 1123 652 po·
1158 565 1322 632 necessaris
1343 565 1386 630 est
1407 565 1445 631 ad
1464 565 1645 635 coercendas
1661 568 1860 650 eupiditrtes,
1879 571 1915 642 d<

361 654 505 720 testatem
522 647 705 716 concedendi
720 643 963 722 indulgentius,
988 641 1023 706 dt
1045 642 1123 706 alle·
1160 645 1916 728 assecurandamaeternaml'aluteme&liocprobe·

361 753 467 802 tenter
483 731 551 796 illts
569 728 692 794 inutiles
711 722 773 788 else
793 769 804 802 ,
829 721 865 788 dt
894 725 959 798 pias
976 715 1123 802 fraudes;
1160 731 1307 793 turetiam
1318 727 1462 808 exemplo
1473 725 1615 794 Corinthi
1625 729 1858 810 incelluosr,eui
1878 747 1917 800 ut

361 812 415 880 ubi
449 811 585 884 desinit,
614 804 783 872 tenendum
818 797 873 866 sub
897 801 1124 878 anathemate,
1161 805 1291 874 habetur
1311 825 1340 870 a.
1357 801 1498 873 Corinth.
1520 827 1549 871 a.
1568 827 1630 872 non
1651 808 1764 876 remisit
1785 781 1917 888 Apollo·

361 915 428 959 non
449 890 546 958 solum
567 883 734 954 Ecclesiam
750 879 935 976 votestatem
959 881 1070 975 hibere
1087 877 1121 944 si·
1162 888 1207 952 lus
1223 907 1364 966 poenam,
1379 887 1511 968 quaeipsr
1525 887 1842 969 luendatemanebat,
1858 889 1915 956 nisi

361 975 392 1040 bi
417 994 435 1037 e
463 967 585 1036 Christo
609 966 754 1032 traditam
781 961 886 1056 dandi·
898 960 1127 1056 indulgentias,
1162 965 1226 1044 post
1257 965 1406 1048 perastrm
1436 971 1529 1036 unius
1564 969 1637 1036 anni
1666 971 1916 1048 poenireprjgm,

360 1053 411 1118 sed
433 1057 530 1118 etiam
549 1049 633 1128 quod
653 1046 717 1112 illas
745 1041 835 1122 snit,
861 1059 924 1108 nte
948 1059 1125 1118 Ιπψιθῐιῑι·
1162 1047 1246 1114 Hine
1265 1047 1294 1114 S.
1314 1047 1484 1134 cyprinum
1503 1047 1590 1118 trssl·
1612 1049 1650 1116 dr
1668 1053 1793 1133 hpfis,
1812 1068 1849 1116 ut
1870 1047 1918 1116 su·

361 1133 437 1214 bus,
457 1129 637 1204 salutrresr
669 1145 780 1192 vetum
799 1125 880 1188 ”¹⁶⁸
901 1141 964 1188 ¹¹0⁰
984 1117 1125 1187 essffltsl
1163 1149 1217 1204 pra
1234 1129 1378 1209 vidimus,
1399 1133 1571 1198 actiteteos
1586 1133 1796 1210 reprehendit,
1816 1134 1867 1208 qui
1882 1130 1919 1196 li·

361 1235 426 1278 „012
444 1205 658 1278 valerentzriisr
674 1226 780 1273 eorem
790 1199 1126 1296 Ecclesia,&nijnlrne
1162 1207 1330 1290 bellatiels,
1350 1226 1517 1288 autequam
1532 1213 1752 1288 poenirentiam
1809 1211 1918 1290 issent,

360 1315 467 1362 eoram
481 1291 567 1387 Deo,
587 1293 682 1354 imino
696 1284 795 1352 essent
811 1283 902 1350 valde
922 1277 1126 1360 wrniclofiffi·
1164 1306 1279 1356 temere
1294 1291 1503 1388 concedebant
1520 1289 1763 1438 lodulgentiarn,
1797 1293 1836 1356 e'u
1864 1291 1920 1356 tie-

361 1393 449 1529 rit
468 1359 1127 1523 niuneodi
1163 1368 1922 1530 ιιι...

360 1533 558 1598 absolverent
573 1551 592 1596 a
609 1547 707 1622 poenis
720 1545 898 1620 canonico,
911 1542 1011 1618 uteog
1025 1517 1127 1619 effice
1166 1530 1248 1596 diue
1295 1531 1516 1596 immorandum
1533 1551 1625 1610 ‚erint
1640 1546 1716 1602 ante
1726 1535 1760 1598 iii
1775 1533 1834 1600 tali
1850 1547 1922 1614 pro·

362 1632 436 1678 tent
451 1613 602 1678 obnoxios
618 1626 717 1686 poeois
730 1605 941 1704 trevionbissi
960 1599 1127 1670 tmusffls!
1164 1607 1263 1690 posito
1277 1607 1351 1678 stili
1364 1609 1550 1679 dixerimus.

363 1691 437 1758 lunt
452 1711 555 1772 poeoar
572 1689 738 1770 purgatorii
748 1734 766 1778 ,·
777 1703 848 1782 quq
859 1683 928 1764 ipsis
943 1681 1062 1778 luenda
1079 1701 1127 1748 re·

360 1791 549 1838 manerent.-
566 1772 648 1914 uodoi
657 1768 787 1834 Ecclesia
803 1767 884 1910 Εὲιιιι
893 1762 962 1860 suos
951 1783 1020 1908 dbbb
1019 1781 1053 1904 r?
1063 1783 1127 1858 nia·
1475 1775 1504 1838 ς.
1544 1771 1609 1838 xl.

362 1855 441 1917 stimi
464 1853 614 1918 momenti
649 1853 800 1924 eriperet.
845 1865 948 1922 terrui
1052 1861 1126 1908 atis·
1252 1869 1256 1876 ·
1661 1888 1667 1900 .

362 1929 506 1998 fallioner
521 1931 663 2005 humanis
683 1933 749 1994 vim
764 1945 851 1994 certe
877 1972 886 2005 ,
904 1925 939 1992 dt
957 1923 1127 1990 efficaciam
1320 1891 1366 1956 θ’
1380 1891 1482 1956 ''¹¹⁶''
1496 1891 1772 1972 mmmm·

365 2013 482 2076 hubent
497 2033 601 2079 coram
620 2011 709 2086 Deo,·
731 2011 824 2088 igitur
839 2005 875 2073 de
890 2005 1045 2072 relaxatio
1063 2021 1128 2082 pte·
1201 2003 1392 2072 Vocabulum
1412 2005 1470 2074 hoe
1490 2009 1606 2090 valoris
1630 2029 1691 2072 non
1718 2007 1767 2070 liic
1787 2001 1922 2070 sumitur

363 2091 631 2168 obtemporant,
651 2109 721 2166 quit
741 2109 796 2166 per
817 2084 1027 2164 indulgentias
1049 2103 1124 2148 eon·
1184 2105 1220 2150 ro
1240 2087 1365 2172 pretio,
1393 2087 1457 2154 live
1475 2091 1617 2154 utilitate
1636 2085 1922 2166 indulgentiarum,

361 2171 512 2238 ceditur.
533 2169 659 2250 Insuper
678 2169 836 2252 Martyres
853 2215 874 2262 ,⁸
891 2168 983 2231 iuxta
1000 2163 1041 2228 D.
1061 2162 1128 2260 Cy·
1163 2107 1212 2230 sed
1234 2165 1330 2232 lolum
1347 2187 1401 2244 pro
1423 2185 1530 2233 earum
1547 2167 1726 2260 validitate,
1747 2167 1793 2261 ita
1813 2183 1850 2230 ut
1877 2167 1925 2227 in·

362 2255 507 2331 ptianum
523 2249 615 2326 Episl.
635 2270 714 2330 ip,
742 2267 806 2314 nou
834 2247 895 2312 alia
925 2261 1031 2309 inente
1052 2245 1128 2310 olim
1163 2263 1323 2324 quiratur,
1338 2267 1397 2324 qua
1419 2251 1524 2326 regula
1539 2264 1626 2315 certa
1646 2243 1781 2326 dignosci
1809 2261 1924 2326 queat,

362 2331 575 2401 concedebant
594 2329 681 2408 lapsis
698 2327 818 2394 libellos
834 2324 1059 2405 indulgentior,
1078 2327 1126 2388 ni·
1163 2326 1244 2402 quod
1259 2326 1463 2408 indulgentiae
1479 2327 1592 2394 validae
1609 2327 1687 2405 sitit,
1701 2347 1736 2390 ac
1754 2341 1852 2404 tatae,
1866 2323 1927 2388 sei·

362 2409 406 2488 si,
426 2431 464 2478 ιιι
479 2415 578 2478 etiarn
591 2429 694 2476 coram
712 2407 804 2488 Deo,
821 2411 953 2484 sptenis
973 2407 1006 2468 in
1026 2403 1128 2471 altera
1166 2408 1257 2484 lieet,
1282 2425 1343 2484 an,
1361 2407 1454 2474 clave
1469 2427 1532 2474 non
1547 2424 1689 2485 errante,
1717 2405 1926 2484 lndulgentia

362 2495 437 2556 visa
468 2491 615 2570 luendis,
644 2489 848 2556 liberarentur
865 2509 877 2554 .·
905 2489 946 2552 Ut
974 2504 1040 2574 tum
1057 2501 1128 2564 pate
1165 2504 1290 2552 tantum
1309 2487 1458 2566 valeant,
1474 2507 1624 2566 quintum
1644 2484 1773 2550 sonant.

362 2571 376 2646 (
394 2575 440 2635 ιιι
456 2570 485 2634 8.
507 2571 547 2634 D.
564 2573 577 2648 )
594 2593 614 2634 a
629 2565 809 2650 martyribus
817 2565 877 2646 fiir·
889 2561 1024 2645 prorniffrr
1045 2611 1056 2641 ,
1087 2564 1131 2627 ad
1205 2565 1406 2644 lndulgentiae
1423 2587 1531 2632 revera
1547 2582 1671 2632 tantum
1684 2565 1812 2636 valent,
1829 2580 1926 2638 quan·

362 2649 528 2714 Dominam
543 2651 760 2714 remittentur.
781 2644 929 2715 drooicir
948 2665 1031 2708 enirn
1047 2642 1129 2705 idem
1167 2664 1234 2709 tum
1253 2643 1385 2722 sonant,
1404 2645 1492 2710 clave
1512 2647 1524 2724 (
1546 2663 1582 2710 ut
1603 2643 1625 2706 ll
1653 2645 1682 2706 lo
1698 2659 1770 2708 iitar
1789 2639 1929 2708 Theolo-

362 2730 395 2794 S.
415 2729 452 2790 D.
472 2728 561 2793 tritt.
587 2734 625 2792 de
655 2729 771 2804 liiplis,
800 2723 916 2788 Merita
937 2725 1129 2802 Martyrum,
1165 2743 1274 2804 gotum
1294 2723 1306 2800 )
1323 2743 1385 2788 non
1407 2739 1555 2804 errante,
1583 2663 1733 2789 vilelicet
1754 2719 1776 2784 sr
1795 2741 1930 2788 doncur-

365 2805 408 2872 Φ
434 2823 520 2884 opera
546 2807 684 2888 iustorum
714 2805 880 2882 plurimum
916 2801 1022 2866 valere
1049 2801 1130 2878 apud
1166 2820 1236 2868 rant
1257 2804 1319 2868 illae
1339 2822 1469 2880 quatuor
1492 2806 1702 2876 conditiones,
1729 2821 1801 2879 quae
1825 2803 1930 2880 requi·

366 2885 495 2950 Deum.
522 2885 610 2950 Hine
640 2885 747 2950 sixtus
771 2881 823 2944 Ν.
852 2881 1016 2946 damnavit
1049 2879 1128 2946 lianc
1165 2901 1277 2948 runtur
1293 2883 1330 2948 ad
1357 2885 1553 2950 validitatem
1578 2883 1862 2960 indulgentiarum,
1883 2881 1929 2946 id·

363 2965 602 3041 propolitionenr
616 2967 701 3030 Petri
721 2959 904 3029 oxomensis
926 2981 935 3024 ι
965 2962 1048 3040 Papa
1072 2980 1129 3024 sorr
1165 2962 1208 3028 est
1225 2959 1409 3044 audomar,
1425 2965 1459 3032 ἀ
1479 2963 1575 3040 lulla,
1595 2961 1646 3027 seii
1668 2961 1804 3040 legitima
1823 2959 1929 3028 eausl'a

362 3045 451 3132 poteri
480 3045 634 3126 indulgere
656 3043 749 3108 eliciti
778 3039 859 3108 triers
874 3057 991 3122 parari
1016 3045 1129 3122 Parga-
1165 3063 1205 3108 ex
1235 3060 1323 3124 parte
1343 3041 1463 3123 dantis,
1483 3047 1634 3120 charites,
1654 3041 1688 3108 ἀ
1708 3045 1853 3109 executio
1872 3061 1928 3107 eo·

364 3113 438 3264 torlii
1165 3144 1249 3202 runi,
1271 3143 1339 3202 quae
1360 3129 1393 3190 iri
1413 3125 1508 3190 bullii
1532 3123 1795 3200 lodulgentiarum
1821 3124 1927 3186 iniun-

421 3202 634 3282 ndulgentias,
655 3221 717 3267 nou
737 3198 880 3266 obstante
900 3221 1007 3266 eorum
1026 3201 1129 3266 virtu·
1165 3221 1280 3284 guntur
1299 3223 1341 3269 ex
1364 3225 1452 3286 parte
1478 3205 1676 3284 recipientis,
1702 3219 1737 3266 ut
1766 3205 1828 3268 itm
1847 3203 1928 3268 olias

366 3303 401 3348 te
423 3282 559 3347 solvendi
576 3285 712 3348 debiturn
727 3301 828 3358 poenae
850 3281 1049 3360 temporalis,
1065 3301 1128 3344 noo
1166 3281 1376 3358 exposuimus.

361 3366 503 3428 eximere
513 3363 650 3427 homines
667 3363 901 3440 apoenalitate,
921 3383 956 3425 ac
980 3359 1129 3426 laboriosa
1204 3359 1384 3440 thbiritur
1406 3385 1432 3430 i·
1457 3363 1606 3442 poteslas,
1633 3358 1685 3424 seu
1705 3359 1870 3428 austoritas
1890 3361 1925 3426 iii

362 3439 921 3598 nisilin²li¹..⁰.‘'l.ii{lsizi
940 3437 1129 3598 {silini
1165 3440 1927 3600 §.fl‘li‘i'litil‘l‘m·l:.i.¹²':‚i{¹.⁰lii‘³l:’.¹l‘

365 3600 449 3666 diva
470 3605 687 3680 ponitentiae,
710 3599 832 3667 conllat
859 3621 899 3665 ex
923 3601 1029 3665 divina
1049 3601 1128 3665 Scri·
1166 3569 1246 3668 ritu’r
1265 3623 1293 3666 a.
1314 3607 1411 3684 iusti,
1436 3603 1487 3670 seu
1506 3547 1648 3682 ’iquiunn
1666 3599 1771 3670 caussa
1794 3601 1832 3668 ad
1851 3621 1929 3668 ton·

366 3701 482 3760 ptura,
502 3685 655 3760 ptaedptie
671 3684 810 3762 -Lueae3.
832 3681 882 3746 tibi
910 3679 1129 3744 universaliter
1165 3680 1328 3750 eesfioneni
1353 3687 1642 3766 indulgentiarum
1668 3703 1739 3750 nam
1765 3684 1868 3761 Papa,
1892 3680 1930 3747 ἃ

368 3764 548 3842 praecipitur
567 3761 706 3827 omnibus
726 3759 954 3838 fidelibus,·ut
975 3763 1006 3824 io
1031 3763 1128 3849 operi-
1167 3763 1322 3843 Episcopi,
1351 3785 1387 3832 ut
1418 3763 1506 3844 supra
1534 3765 1713 3831 notavimus
1765 3782 1827 3826 non
1856 3757 1929 3827 lunt

366 3841 423 3906 bus
445 3862 529 3908 verre
552 3845 746 3920 prenitentiae
769 3839 798 3904 se
817 3855 1007 3914 exerceant;
1027 3843 1128 3906 Facite
1169 3843 1298 3910 absoluti
1319 3845 1442 3912 Domini
1458 3849 1607 3912 bonorum
1623 3811 1782 3920 meledo,
1798 3837 1847 3906 sed
1862 3839 1928 3906 Ml·

353 3919 485 4002 srulirm
501 3921 705 4002 ponitentiae,
725 3922 759 3988 dt
782 3921 892 3986 ibidem
909 3941 978 3998 cap.
1003 3936 1048 4000 ις.
1078 3920 1129 3984 ad·
1166 3922 1250 3988 nillri
1267 3923 1321 4001 ,dt
1337 3925 1582 4006 dispensatores:
1599 3927 1678 3990 unde
1693 3923 1772 3988 bona
1789 3921 1842 3985 illa
1859 3923 1927 3986 iux·

365 4023 547 4081 monemur,
565 4003 645 4081 quod
674 4001 737 4066 sine
764 4007 963 4082 poeoitenriae
988 3999 1129 4078 operibus
1166 4022 1198 4069 ta
1224 4003 1333 4069 Chrilli
1354 4003 1628 4086 intentionem&
1646 4003 1763 4084 regulas
1780 4002 1928 4084 legitima

366 4096 434 4146 non
461 4081 614 4171 possumus
642 4100 789 4174 eteruisti
813 4069 958 4172 ,effugere
985 4081 1128 4158 perditio
1163 4081 1413 4164 dispensationis,
1441 4083 1580 4150 lrdelibns
1610 4081 1809 4150 minillraoda
1837 4081 1925 4148 sunt.

358 4179 463 4237 :nemi
491 4163 569 4252 Mis,
586 4176 788 4240 renitentium
811 4159 1116 4246 rgrrisrrrtrniresfi
1166 4181 1195 4246 3·
1223 4180 1263 4228 ex
1291 4183 1380 4242 perte
1404 4163 1589 4242 suscipientis
1609 4167 1778 4246 requiritur
1807 4163 1907 4241 gratia

365 4241 434 4306 mril
451 4241 602 4322 peribitis.
621 4240 812 4308 Poeuitentir
835 4245 929 4322 igitur
943 4240 986 4304 esl
1007 4263 1048 4306 ex
1064 4258 1131 4304 iure
1165 4267 1200 4311 ac
1216 4243 1368 4327 charitas,
1383 4269 1455 4312 cum
1466 4267 1529 4310 non
1545 4243 1724 4312 dimittatur
1740 4261 1854 4322 pruna,
1870 4245 1902 4306 ni

365 4323 478 4386 divino
494 4367 505 4400 ,
523 4321 638 4388 ideirco
661 4323 699 4389 ab
719 4321 780 4388 {star
809 4324 916 4402 nequit
937 4319 1071 4388 Ecclesia
1080 4339 1132 4400 per
1167 4327 1248 4404 prius
1267 4328 1405 4407 remissa,
1424 4323 1476 4393 seu
1492 4325 1594 4392 deleta
1609 4323 1646 4391 bt
1669 4323 1782 4404 culpi.
1804 4345 1833 4402 4.
1854 4337 1927 4387 tan·

365 4400 579 4482 indulgentias
602 4402 878 4478 fideleserrinrrrr·;
900 4403 1129 4469 &eovelma-
1165 4408 1233 4468 dern
1265 4413 1454 4488 requiritur,
1488 4423 1523 4468 ut
1557 4404 1720 4482 suscipieris
1753 4415 1927 4480 exequmur

361 4485 473 4572 xime,
500 4481 581 4560 quod
610 4501 711 4560 piene
736 4481 946 4549 sotissaslirsae
975 4503 1039 4546 non
1059 4499 1130 4546 tan·
1166 4503 1364 4570 opemque
1381 4485 1527 4556 induitis
1543 4485 1806 4572 lodulgentlatuiu
1818 4483 1926 4550 inlitu·

363 4581 434 4627 turri
458 4562 526 4628 lunt
549 4567 587 4628 in
609 4559 773 4628 rinotlrm
803 4567 919 4638 peceati
952 4565 1132 4642 praeteriti,
1167 4556 1302 4646 fiuntur.

364 4641 418 4707 sed
438 4646 538 4707 etiam
554 4647 586 4708 in
603 4642 770 4711 remedium
790 4641 904 4707 sutori.
926 4641 1130 4721 lodulgentiae

364 4727 479 4802 igitur,
508 4723 572 4788 ello
591 4725 670 4800 qtiod
693 4721 801 4800 polsrnt
823 4724 949 4788 liberare
974 4725 1131 4800 homines,

364 4807 418 4880 qul
439 4806 499 4866 rite
519 4825 571 4868 eas
592 4807 782 4881 percipiunt,
803 4803 841 4868 ab
860 4807 943 4866 omni
970 4805 1131 4868 roenalrta·

363 4904 418 4956 te,
441 4881 613 4959 quaesitio
631 4883 799 4950 vindillam
817 4883 976 4955 culparum
996 4882 1131 4948 commis·

363 4963 494 5043 sarum,
517 4985 676 5041 nequeunt
705 4983 812 5030 tamen
838 4969 974 5028 eximere
1000 4967 1132 5039 apoeni·

370 5049 499 5124 tentia,
516 5043 570 5112 seii
590 5065 683 5125 prena
699 5045 873 5112 meditioali
888 5092 898 5124 ,
915 5065 985 5121 quae
1007 5049 1134 5110 omniuo
