4584 5992
713 535 1600 616 neC'eusurtrsCar.1V.
1829 530 1901 618 ‚161

382 634 445 706 neri
463 652 480 699 a
566 631 740 714 ebacide,
759 656 798 699 eo
821 633 901 713 quod
922 636 1055 708 multum
1086 632 1154 700 san·
1187 632 1257 699 funt
1280 636 1404 712 pietatis
1442 636 1545 714 ausla,
1566 631 1656 700 modo
1676 648 1782 700 tamen
1807 652 1898 703 caute
1919 654 1956 714 gc

383 719 512 797 guinem
548 713 674 804 udislet,
695 714 814 782 tametsi
844 716 900 779 hnc
921 712 1032 804 salium
1058 714 1153 780 fuerit
1187 714 1284 779 sobrie
1302 716 1332 782 id
1349 657 1509 794 prefert,
1525 735 1563 779 ne
1578 710 1702 780 callitas
1721 714 1754 777 dt
1766 717 1897 785 nominis
1911 735 1959 794 g·

383 803 420 861 in
438 796 522 861 bello
556 794 661 871 tullo,
689 798 724 867 dt
750 797 851 861 David
875 799 923 859 vir
954 797 1044 864 luerit
1063 796 1154 862 valde
1188 792 1324 859 stimatio
1345 800 1503 872 patiantur
1520 794 1643 869 aliquod
1668 794 1890 858 detrimentum
1915 813 1957 859 ex

387 875 497 955 probus
525 876 558 939 dt
585 872 721 954 sanstus,
742 874 792 939 sed
814 877 916 941 voluit
939 876 989 938 libi
1008 874 1152 947 aedificari
1190 871 1392 950 frequentiori
1408 897 1478 939 cum
1498 872 1675 948 mulieribus
1703 872 1925 942 consuetudine
1948 921 1957 949 ,

386 956 512 1035 stege
530 957 693 1023 Salomone
710 959 781 1022 viro
799 954 1057 1020 mansuetissimo.
1078 955 1154 1018 Non
1188 953 1221 1020 dc
1242 958 1407 1022 curatione
1423 953 1625 1036 quorumdam
1638 952 1864 1049 membrorum,
1888 974 1957 1031 qut.
2010 1003 2012 1008 ,

386 1031 459 1100 sunt
481 1053 587 1101 tamen
611 1038 790 1117 irregulares
816 1057 857 1100 eit
877 1056 943 1112 cap.
966 1036 1103 1099 lenitatis
1126 1054 1153 1097 1.
1190 1035 1313 1109 pudicos
1328 1037 1435 1099 oculos
1454 1033 1634 1107 offendunt,
1651 1032 1685 1097 ἀ
1702 1052 1837 1098 mentem
1853 1038 1958 1114 inqui·

382 1114 523 1193 clerici,
543 1119 595 1192 qui
616 1116 851 1182 iurisdislionem
874 1114 1071 1191 temporalem
1099 1113 1153 1178 ha·
1189 1130 1284 1190 nant,·
1307 1112 1355 1178 sed
1376 1114 1428 1179 has
1444 1112 1541 1179 folum
1557 1132 1745 1187 exerceant,
1771 1112 1824 1180 ubi
1847 1116 1957 1190 desunt

382 1192 493 1261 bentea
513 1195 660 1264 mandent
676 1195 872 1262 officialibus
889 1196 966 1271 luis,
987 1211 1022 1258 ut
1042 1194 1080 1258 de
1101 1195 1154 1260 ho·
1186 1194 1294 1258 medici
1315 1195 1353 1257 ad
1378 1193 1591 1281 sublevandos
1606 1213 1774 1282 pauperes;
1793 1195 1890 1273 quia,
1918 1211 1956 1272 ut

383 1276 509 1342 micidio
534 1293 589 1341 aut
610 1279 672 1343 alio
690 1279 819 1341 crimine
843 1279 1016 1351 inquirant,
1036 1272 1154 1342 etiamsi
1188 1291 1301 1345 notant
1316 1275 1478 1347 Navarrui
1495 1273 1648 1342 Encbrrid.
1667 1294 1731 1348 cap.
1750 1293 1798 1351 25.
1821 1272 1856 1342 dt
1876 1275 1953 1352 Atil-

384 1372 481 1434 poene
509 1359 623 1436 capitit
652 1358 720 1422 inde
741 1355 908 1432 sequatur.
930 1375 957 1416 a.
978 1352 1155 1421 Conciona-
1189 1355 1217 1417 la
1238 1371 1316 1429 part.
1333 1373 1364 1435 7.
1379 1354 1454 1430 disp.
1477 1357 1507 1417 6.
1528 1353 1593 1417 see.
1614 1373 1639 1416 r.
1658 1352 1748 1418 tribu
1769 1372 1815 1418 io.
1833 1353 1951 1424 Canon.

384 1451 495 1516 tores,
512 1439 564 1513 qui
588 1438 761 1503 declamant
786 1452 896 1499 contra
925 1432 1040 1511 publica
1066 1434 1153 1502 scari·
1188 1436 1291 1499 Miilta
1313 1434 1544 1509 eleusiniis
1574 1435 1627 1498 uel
1654 1434 1827 1511 mincii,
1872 1434 1956 1499 rohi-

384 1513 886 1595 caia,·&praelicane,1udices
908 1517 1006 1609 teneri
1026 1535 1154 1595 purgare
1185 1515 1299 1609 beritur
1325 1515 1437 1588 Clerici
1470 1516 1603 1596 negotiis
1629 1511 1820 1587 saecularibus
1845 1457 1869 1577 f

385 1592 617 1673 aempubitcam
636 1596 807 1662 hominibus
825 1593 964 1674 perfidis.
984 1609 1011 1674 3.
1029 1592 1153 1659 Confes-
1190 1596 1322 1672 plicare.

384 1673 483 1756 sarii,
511 1679 563 1754 qui
590 1676 728 1757 obligarit
762 1697 850 1741 reum
875 1675 913 1740 ad
942 1674 1153 1740 confitendum
1228 1677 1401 1754 Pugnantet
1422 1676 1454 1742 iti
1470 1672 1660 1752 belloitislo,
1680 1671 1794 1740 lacerti
1803 1670 1863 1749 sint
1874 1677 1956 1756 quod

368 1762 523 1835 crimen,
541 1756 579 1821 de
598 1777 658 1834 quo
684 1757 809 1822 iuridice
838 1759 1043 1833 interrogatur
1067 1801 1076 1833 ,
1096 1775 1154 1820 aut
1188 1758 1342 1820 neminem
1361 1760 1482 1834 propria
1503 1777 1595 1819 manu
1622 1754 1874 1832 interfecerint,
1899 1774 1956 1832 aut

384 1838 548 1903 declarant
564 1837 617 1903 Ma
640 1837 811 1914 illtatibus,
840 1836 869 1901 le
886 1854 948 1899 non
973 1836 1056 1912 polle
1086 1838 1154 1902 illos
1187 1837 1431 1913 mutilaverint,
1459 1856 1520 1900 non
1542 1832 1611 1900 lunt
1639 1833 1820 1918 irregulares
1850 1833 1954 1908 secun·
2000 1866 2002 1870 v

388 1917 565 1994 absolvere,
584 1859 638 1979 riifr
657 1922 864 1998 comprimant
881 1914 1052 2008 scandala,
1079 1916 1154 1983 licet
1187 1915 1259 1979 dum
1282 1936 1477 1980 communem
1501 1912 1733 2006 fheologotum
1762 1913 1954 2006 &flanoni
2085 1926 2088 1933 '

381 2016 490 2065 morte
511 1995 679 2074 punienda.
701 2021 730 2079 4.
751 1997 934 2073 lurifpettti,
953 1999 1002 2072 qui
1020 1998 1154 2063 interro·
1188 1993 1302 2059 siarum
1318 2015 1438 2074 eacap.
1458 2000 1569 2062 Petitio
1586 1999 1638 2060 tit.
1655 1994 1692 2060 de
1710 1994 1885 2064 homicidio.
1900 1995 1953 2074 Se·

388 2075 532 2159 gentibus
556 2077 764 2154 respondent,
788 2079 866 2153 leger
887 2095 943 2139 eos
973 2093 1074 2140 morte
1101 2078 1154 2141 da·
1186 2095 1239 2139 cus
1260 2093 1336 2141 veto
1362 2075 1385 2138 si
1412 2076 1450 2142 de
1479 2096 1570 2144 teca
1598 2074 1770 2152 dubitent,
1797 2073 1954 2146 &multo

376 2178 512 2236 mirare,
533 2160 583 2232 qui
601 2156 807 2222 commiserint
829 2156 888 2221 hoc
917 2154 967 2219 vel
987 2156 1060 2220 illud
1082 2159 1153 2221 deli·
1187 2157 1280 2233 magis
1305 2152 1325 2215 si
1348 2174 1484 2232 pugnent
1513 2159 1544 2219 in
1574 2153 1654 2221 bello
1677 2156 1816 2235 iniusto,
1843 2159 1956 2234 inquo

386 2229 493 2303 stum.
517 2237 590 2301 Non
610 2236 721 2302 debent
750 2254 855 2302 tamen
883 2234 1086 2303 determinate
1107 2260 1153 2302 re·
1186 2233 1268 2299 fiunt
1290 2236 1492 2314 irregulares,
1510 2235 1628 2301 etiamsi
1651 2237 1805 2300 neminem
1829 2238 1952 2314 propria

379 2317 549 2397 spondere,
563 2337 671 2396 rcum,
690 2317 728 2381 de
754 2338 817 2395 quo
842 2315 997 2393 speciatim
1019 2318 1153 2382 interro·
1187 2333 1281 2382 manu
1301 2312 1534 2389 interfecerint,
1550 2336 1605 2381 nec
1626 2315 1864 2398 mutilaverint,
1881 2318 1953 2392 qiiia

385 2416 516 2478 gantur,
539 2416 640 2461 morte
666 2396 727 2461 else
747 2396 966 2474 mellendum,
989 2402 1059 2476 quia
1080 2397 1153 2462 dum
1186 2393 1257 2459 sunt
1276 2396 1389 2461 caussae
1413 2391 1521 2462 saltem
1546 2397 1677 2466 morales
1700 2394 1853 2461 homicidii
1871 2400 1952 2478 itiip'·

366 2484 557 2558 ‘generatim
578 2477 807 2555 aperiuntquid
826 2473 905 2541 serat
923 2478 1066 2553 ius,non
1087 2498 1152 2542 ma·
1188 2475 1248 2551 sli,
1274 2492 1423 2551 quatenus
1451 2476 1615 2540 homicidis
1651 2473 1868 2552 adiuverunt,
1894 2492 1951 2544 aut

382 2560 428 2637 gis
446 2574 636 2623 concurrunt
659 2557 697 2621 ad
717 2572 870 2631 mortem,
886 2577 977 2632 quam
991 2559 1043 2632 qui
1056 2558 1151 2634 legem
1187 2550 1296 2617 saltem
1317 2552 1367 2620 sira
1384 2554 1549 2628 praesentia
1569 2553 1724 2618 reddidere
1747 2555 1947 2627 audaciores.

383 2637 518 2702 condidit
541 2660 551 2714 3
579 2658 669 2715 quem
692 2635 844 2713 Theologi
866 2655 972 2700 omnes
992 2640 1152 2700 unanimes
1227 2633 1351 2698 Adhuc
1379 2654 1484 2698 autem
1510 2650 1613 2698 utres
1636 2630 1728 2697 fichus
1754 2629 1924 2706 illustretur
1938 2683 1948 2714 ,

384 2716 419 2783 ὰ
445 2715 623 2780 Canonillae
660 2718 804 2779 eximunt
832 2712 871 2777 ab
900 2715 1151 2793 irregularitate;
1187 2709 1203 2773 s
1279 2728 1395 2776 nuntur
1416 2710 1466 2776 seu
1482 2713 1635 2777 adduntur
1652 2714 1731 2778 varii
1749 2710 1953 2790 specialesca·

374 2814 492 2862 <ontra
513 2814 590 2858 vero
605 2792 626 2856 si
644 2794 868 2868 pronuncient,
888 2792 1153 2859 hencreummor·
1199 2812 1233 2856 us
1251 2811 1269 2855 a
1288 2792 1378 2857 sacris
1401 2791 1695 2873 congregationibus
1721 2789 1846 2858 diversis
1871 2811 1951 2869 tem·

366 2879 417 2938 'te
437 2873 498 2935 elle
520 2872 726 2952 mellendum,
746 2890 809 2936 noti
829 2868 963 2937 securae
983 2873 1046 2948 ipse
1063 2877 1152 2940 accii·
1187 2871 1306 2947 poribus
1331 2870 1485 2937 resoluti.
1508 2874 1582 2938 Nori
1606 2868 1676 2938 sunt
1704 2874 1883 2953 irregulares
1910 2895 1950 2940 eit

378 2950 922 3031 srtor,Aarocarur,&1uder,
952 2955 1089 3028 proxime
1111 2956 1150 3021 'acl
1184 2952 1395 3016 declaratione
1410 2950 1503 3022 factae
1518 2955 1789 3040 Congregationis,
1807 2954 1949 3020 occiden-

379 3049 517 3097 niottem
537 3048 747 3096 concurrunt.
1185 3049 1231 3097 tes
1247 3031 1383 3108 aliquem
1409 3034 1446 3100 ad
1467 3034 1663 3100 necessariam
1679 3033 1721 3098 lui
1744 3031 1951 3099 defensionem

423 3109 540 3174 Medici
558 3107 593 3176 dt
611 3110 751 3190 Chirurgi
772 3130 836 3176 non
856 3108 926 3176 sunt
947 3113 1147 3193 irregulares,
1176 3124 1252 3179 'cum
1268 3113 1473 3184 moderamine
1490 3115 1656 3192 inculpatae
1674 3115 1782 3180 tutelae
1803 3116 1947 3184 clemen.

382 3188 504 3256 etiamsi
522 3191 687 3254 fecundum
707 3194 782 3256 artis
798 3189 859 3256 ftaae
880 3192 998 3271 tegulas
1013 3194 1146 3259 membra
1180 3191 1260 3256 unic.
1278 3191 1310 3257 St'
1318 3190 1425 3275 farios.
1444 3195 1480 3266 dr
1494 3193 1668 3259 homicidio.
1684 3196 1780 3259 ¹Sacra
1797 3197 1948 3275 congreg.

1856 1518 1953 1596 cipp·
2068 1546 2073 1576 i

380 3274 586 3347 truncatim,
623 3273 693 3349 quia
723 3274 754 3335 in
786 3271 907 3336 medicis
935 3274 1146 3340 curationibus
1180 3272 1313 3337 Concilii
1346 3276 1377 3337 in
1412 3276 1567 3345 Aquilaria
1596 3291 1644 3354 13.
1678 3273 1825 3338 Februar·
1856 3294 1945 3355 1715.
2025 3324 2086 3340 κ

381 3351 484 3415 uulliis
500 3354 636 3414 cernitur
651 3345 783 3415 defessus
800 3350 955 3428 lenitatis;
975 3357 1067 3418 immo
1083 3356 1146 3418 elu·
1182 3353 1260 3426 apud
1277 3348 1419 3419 Urfaiam
1444 3372 1468 3418 t.
1489 3375 1515 3417 r.
1550 3371 1627 3430 part.
1649 3372 1677 3414 a.
1704 3354 1775 3417 disc.
1798 3356 1827 3415 6.
1849 3376 1879 3417 n.
1897 3371 1946 3423 ao.

380 3449 429 3496 cet
449 3429 583 3493 charitas
605 3429 638 3494 ἃ
659 3431 879 3495 misericordia.
904 3431 977 3494 Dixi
982 3430 1145 3512 secundum
1180 3430 1214 3496 dt
1236 3432 1342 3506 saepius
1357 3432 1448 3495 alibi.
1466 3433 1495 3494 Si
1512 3451 1617 3496 tamen
1638 3432 1709 3496 talis
1734 3434 1873 3498 occidens
1894 3455 1949 3506 ex·

380 3510 456 3573 arsis
471 3511 537 3591 farae
552 3512 693 3588 regusar,
713 3512 785 3586 quia
805 3508 923 3574 conitar
941 3513 1016 3585 apud
1027 3532 1147 3586 omnes,
1180 3509 1301 3573 cellerit
1324 3514 1518 3575 moderamen
1551 3510 1717 3589 inculpatae
1738 3513 1875 3590 tuteiae,
1905 3514 1950 3577 di·

379 3591 533 3655 Medicum
554 3589 588 3655 dt
608 3591 791 3667 Chirurgum
813 3589 990 3668 irregulares
1019 3591 1080 3656 elle
1106 3612 1145 3655 eir
1180 3606 1257 3654 cunt
1286 3591 1373 3654 multi
1400 3593 1478 3667 quod
1504 3592 1560 3655 liat
1586 3590 1791 3672 irregularis,
1819 3591 1869 3658 fed
1901 3594 1947 3660 di·

379 3668 645 3748 dcliflo,quando
663 3669 971 3748 eorumculpaoeger
992 3671 1145 3749 intereat,
1180 3665 1309 3745 spensari
1336 3668 1425 3747 polht
1457 3673 1495 3736 ab
1526 3669 1673 3748 Episcopo
1701 3720 1709 3749 ,
1737 3670 1771 3738 &
1797 3670 1836 3737 sic
1857 3676 1946 3740 aiunt

378 3750 429 3813 vel
459 3769 569 3815 contra
592 3755 665 3814 artis
690 3748 809 3827 regular
837 3767 1000 3814 truncatus
1026 3749 1085 3814 eil.
1109 3750 1144 3813 ln
1179 3749 1344 3814 declarasse
1377 3751 1491 3818 factam
1519 3751 1796 3833 Congregationem
1816 3753 1945 3831 1Episc0·

376 3828 472 3893 dubio
504 3848 636 3907 autem,
664 3850 704 3891 ari
734 3830 929 3893 necessariam
954 3830 1145 3909 diligentiam
1180 3850 1288 3904 potum
1311 3831 1478 3906 praesertim
1502 3835 1534 3896 iii
1554 3832 1803 3911 Lucerinatsso.
1835 3833 1869 3899 dt
1891 3837 1946 3902 ali·

379 3909 554 3992 edhibuerit
578 3911 719 3974 Medicus
738 3956 748 3986 ,
767 3911 818 3972 vel
836 3908 1029 3987 Chirurgus,
1052 3911 1143 3978 debet
1177 3909 1206 3974 bi
1225 3911 1304 3985 apud
1322 3912 1524 3989 Pignatelliim
1545 3932 1567 3978 t.
1587 3933 1613 3994 7.
1634 3911 1765 3977 consult.
1784 3913 1831 3977 80.
1859 3914 1945 3982 Con-

375 3986 408 4053 se
423 4010 531 4069 gerere
552 4006 587 4052 ut
610 3989 808 4078 irregularem
824 4008 864 4052 eit
883 4011 949 4068 cap.
970 3989 1144 4073 Sr'giir‘ficcsti'
1177 3980 1288 4055 fultius
1311 4012 1387 4056 vero
1412 3995 1542 4068 petenda
1571 3993 1695 4057 videtur
1724 3993 1907 4068 dispensatio
1927 4014 1946 4060 a

367 4079 409 4132 ἰ
427 4074 478 4135 tit.
495 4072 540 4140 ,de
557 4070 729 4135 homicidio.
1179 4067 1264 4134 sacra
1279 4071 1524 4150 Congregatione
1543 4072 1674 4136 Concilii
1692 4121 1700 4148 ,
1719 4094 1810 4149 quam
1832 4075 1869 4137 de
1899 4072 1944 4140 fae

417 4150 554 4214 Clericus
571 4148 811 4225 Beneficiarius,
830 4167 885 4214 aut
907 4149 1010 4227 aliquo
1026 4149 1143 4214 Ordine
1178 4150 1226 4214 cili
1247 4148 1325 4213 solet
1345 4150 1531 4216 concedere.
1553 4149 1627 4217 Noti
1643 4156 1690 4216 ita
1716 4170 1821 4219 tamen
1853 4147 1944 4222 facile

375 4228 428 4295 insi
451 4233 555 4306 nitus,
577 4229 597 4291 li
616 4233 732 4305 peritus
753 4228 810 4307 sit,
832 4227 865 4294 dt
893 4228 972 4295 tedle
996 4253 1030 4295 ac
1050 4250 1143 4298 caute
1176 4230 1343 4293 concedere
1359 4228 1450 4304 solet,
1478 4232 1602 4307 quando
1620 4234 1686 4308 quis
1712 4235 1890 4300 voluntarie
1911 4257 1944 4303 a·

373 4252 558 4375 niedicinam
573 4328 629 4374 aut
645 4310 830 4388 chirurgiam
850 4328 1015 4387 exerceat,
1037 4328 1142 4384 peccat
1180 4312 1254 4373 lium
1270 4308 1387 4375 occidit
1404 4313 1434 4372 in
1456 4313 1540 4390 iiiia,
1555 4330 1591 4377 ut
1608 4308 1701 4389 ipsam
1719 4315 1794 4379 dene
1816 4320 1886 4381 avit
1908 4321 1942 4380 iri

370 4390 497 4468 quidem
512 4391 794 4482 mortaliter,quia
812 4386 869 4454 hoc
891 4390 1142 4460 cleriricorum
1178 4392 1383 4455 Panormitae.
1407 4388 1615 4471 irregulariter.
1647 4397 1696 4457 26.
1723 4339 1821 4472 apris.
1853 4394 1941 4471 1698.

360 4470 480 4535 'uachis
509 4469 554 4534 eil
593 4487 729 4535 vetitum
757 4488 796 4531 eit
827 4470 968 4535 Concilio
996 4473 1140 4536 lateram
1178 4470 1260 4535 item
1277 4490 1340 4534 non
1357 4470 1398 4533 cll
1415 4474 1590 4550 irregularis
1607 4472 1681 4538 dans
1700 4494 1824 4553 operam
1840 4485 1883 4541 rei
1903 4480 1944 4542 li·

377 4548 437 4613 sV.
455 4550 492 4617 dt
512 4571 580 4621 cap.
601 4552 669 4616 rua
686 4571 736 4613 nor
757 4554 806 4613 tit.
827 4551 866 4615 dc
880 4550 1052 4629 homicidio,
1070 4557 1140 4629 quia
1177 4555 1267 4628 citae,
1287 4549 1322 4615 dt
1338 4549 1481 4616 adhibens
1497 4573 1620 4616 omnem
1636 4553 1829 4632 diligentiam
1845 4577 1884 4620 nc
1900 4557 1944 4622 se·

368 4630 502 4696 alterius
519 4629 656 4695 officium
676 4627 820 4709 usurpat,
839 4650 902 4694 non
918 4630 961 4694 est
979 4649 1084 4696 tamen
1102 4636 1142 4697 ir·
1175 4651 1288 4706 quatur
1304 4631 1521 4711 homicidium,
1537 4631 1558 4695 fi
1573 4634 1681 4698 deinde
1696 4634 1765 4701 casu
1777 4635 1940 4709 sequatur.

366 4714 541 4790 regularis,
561 4712 615 4774 nili
639 4730 702 4774 aion
726 4708 797 4774 fatis
810 4707 856 4775 ⁴ht
879 4713 995 4787 peritus
1014 4759 1023 4790 ,
1043 4714 1093 4777 vel
1119 4710 1142 4792 fi
1175 4713 1225 4774 Sic
1244 4711 1414 4777 declaravit
1430 4709 1513 4778 facta
1530 4713 1737 4793 congregatio
1760 4715 1894 4779 Concilii
1913 4737 1940 4781 r.

357 4799 493 4858 'minem
510 4792 700 4872 diligentiam
721 4811 782 4855 nori
799 4788 960 4855 adhibeat.
979 4792 1141 4872 chirurgia
1176 4791 1284 4858 octob.
1303 4792 1391 4870 1588.
1409 4791 1443 4858 dt
1459 4792 1629 4858 desumitur
1643 4815 1683 4859 eir
1698 4816 1762 4869 cap.
1773 4796 1877 4861 Dilcc‘s.
1891 4812 1940 4877 η.

365 4889 448 4937 vero
465 4871 509 4934 cll
528 4874 629 4937 vetita
646 4871 792 4949 Clericis,
809 4891 878 4947 quae
894 4875 1142 4937 exerceturadu·
1176 4870 1324 4937 Barbosa.
1343 4874 1394 4937 Ob
1413 4873 1610 4938 homicidium
1626 4870 1814 4938 commissum
1833 4872 1943 4941 casua·

354 4956 460 5019 ‘residu
481 4950 523 5020 (5
552 4951 794 5041 inuenerem.
810 4953 941 5032 sentent.
963 4973 991 5014 a.
1018 4956 1070 5019 tit.
1092 4958 1142 5018 Ne
1178 4955 1283 5018 litera
1304 4952 1458 5030 Parocho,
1474 4952 1619 5034 rescripsit
1636 4956 1742 5020 eadem
1757 4950 1841 5022 sacra
1857 4955 1942 5023 Coti·

366 5034 481 5100 Clerici
504 5034 557 5099 ves
575 5032 739 5110 Menarchi,
758 5037 841 5098 citra
867 5033 946 5107 qtiod
966 5034 1143 5100 Sacerdotes
1177 5036 1317 5113 gregatio
1333 5035 1464 5100 Concilii
1487 5055 1542 5113 pto
1561 5038 1681 5113 gratia,
1697 5035 1862 5102 dummodo
1877 5059 1941 5104 non

365 5113 456 5182 licite
484 5134 519 5181 ac
549 5113 674 5185 bonelle
701 5115 889 5180 Medicinam
910 5132 1055 5183 exercete
1079 5116 1143 5196 pos·
1177 5114 1313 5184 celebret
1329 5117 1362 5181 in
1378 5115 1448 5185 loco
1462 5112 1608 5183 commui
1623 5114 1725 5181 delisli
1745 5114 1778 5184 dc
1799 5134 1845 5181 an
1870 5118 1942 5186 mil·

439 5193 878 5286 eramusmaerore
900 5191 955 5262 vi.
1433 5248 1438 5258 .
1841 5197 1913 5264 lia·'
