4584 5992
718 417 728 437 ι’
1324 414 1341 447 Ι

615 465 622 492 p
671 465 707 488 s
797 451 824 500 s
1417 479 1424 498 κ
1726 461 1730 468 .

748 531 1021 614 uestitu
1049 527 1367 624 Riztroio'so
1398 520 1632 604 Cam'lll.
1731 608 1745 611 ,
1822 559 1900 634 349

397 628 582 720 Generalis,
602 646 638 697 ut
658 628 830 720 declaravit
844 625 935 718 ¹saera
951 628 1153 715 congregatio
1189 628 1215 719 ti
1234 626 1351 703 possum
1362 648 1374 700 ,·
1394 629 1464 720 quia
1485 628 1541 694 isla
1559 629 1678 694 nonest
1696 633 1813 707 proprie
1829 640 1946 703 aliena·

398 717 532 781 Consilii
554 717 585 775 in
602 710 988 790 segniensiAlrenriimrrr
1005 706 1153 769 mobilium
1190 724 1236 769 rio
1256 707 1287 767 δι
1302 704 1469 783 dillraiiio,
1491 706 1537 771 sed
1560 712 1592 771 iri
1609 731 1673 773 rem
1693 719 1823 780 maxime
1842 716 1945 781 neces·

396 794 586 879 pretiosorum
601 793 648 855 die
666 790 828 867 15.Martii
848 786 1071 865 1692.Mobilia
1089 807 1139 859 pre
1190 787 1295 849 latiam
1314 786 1494 861 conversio,
1514 803 1547 852 ut
1564 788 1652 866 docet
1675 793 1862 857 Antoniusa
1879 796 1944 873 Spi-

388 877 479 952 ¹riola
495 875 562 937 sunt
583 872 654 937 vasa
668 874 770 934 omnia
786 870 819 932 dt
835 868 1034 931 inllruuienta
1050 866 1152 928 Eccle·
1190 868 1253 928 ritu
1269 862 1366 929 lando
1380 886 1449 929 cum
1462 868 1531 931 aliis
1548 867 1668 943 passim.
1688 872 1736 935 Sic
1751 872 1848 949 potest
1864 877 1946 941 Prae·

400 954 519 1020 liasiica
538 972 631 1017 aurea
657 949 707 1014 vel
725 965 895 1026 argentea,
923 946 953 1008 ar
983 965 1021 1007 eir
1053 946 1152 1020 lapide
1189 944 1270 1025 latus
1300 946 1421 1010 mobilia
1449 947 1570 1010 inutilla
1590 944 1643 1011 seu
1668 954 1714 1013 res
1742 952 1878 1016 vetustas
1907 975 1943 1019 ac

420 1026 551 1109 retioso,
570 1052 638 1108 quae
657 1051 718 1094 non
739 1024 865 1091 desacili
883 1024 1153 1101 consummunrur,
1190 1023 1354 1098 superfluas
1375 1029 1461 1088 unius
1483 1025 1662 1091 Munasterii
1684 1049 1854 1104 permutare
1872 1054 1945 1098 cuni

389 1056 448 1178 sed
468 1116 604 1187 durarit,
625 1111 658 1173 dt
674 1129 802 1184 quorum
818 1106 906 1169 valor
925 1106 1026 1170 decem
1047 1125 1153 1167 aureos
1189 1104 1337 1176 aliquibus
1364 1104 1488 1168 utilibus
1511 1107 1647 1172 'alterius
1666 1108 1844 1180 Monaslerii
1865 1159 1874 1190 ,
1904 1131 1942 1177 ut

391 1183 539 1259 cecedit.
565 1190 644 1254 Item
663 1208 768 1253 omnes
789 1207 836 1251 res
856 1183 917 1249 illae
937 1233 945 1257 ,
965 1179 1153 1261 qumsrufli·
1189 1181 1228 1246 lic
1246 1202 1296 1257 per
1313 1182 1442 1248 vicissim
1462 1180 1611 1258 superflua
1633 1207 1823 1254 commutata
1841 1192 1873 1253 in
1896 1195 1943 1254 vi·

396 1274 494 1339 ficam
513 1322 522 1351 ,
547 1269 581 1336 dt
610 1267 716 1332 saltem
744 1287 796 1342 per
821 1268 989 1329 triennium
1021 1261 1154 1338 durant,
1187 1260 1248 1325 cils
1253 1285 1281 1324 m
1299 1265 1462 1328 necellaria
1475 1264 1524 1328 vel
1534 1267 1623 1329 utilia
1637 1269 1813 1342 ,commodo
1828 1267 1863 1334 dt
1880 1272 1945 1335 uti·

399 1352 470 1416 sunt
490 1349 724 1423 inalienabiles‚
756 1363 942 1419 quocumque
957 1345 1038 1418 line,
1059 1346 1153 1432 etiam
1188 1285 1269 1404 litaii
1292 1342 1444 1432 utriusque
1464 1343 1642 1408 Monallen'i
1663 1344 1859 1412 consulatur.

396 1453 452 1510 pto
464 1429 659 1495 construenda
671 1423 800 1489 Ecclesia
812 1425 859 1487 vel
872 1422 1153 1498 Dorrriitorio‚line
1228 1424 1306 1485 Cum
1323 1439 1406 1486 inter
1426 1427 1576 1502 praecipua
1597 1424 1736 1492 Eccleliae
1756 1427 1834 1491 bona
1855 1426 1945 1493 arbo-

399 1509 577 1585 Apollolico
599 1507 815 1582 beneplacito.
844 1502 925 1578 Qiae
958 1522 1036 1567 vero
1060 1502 1154 1565 talem
1189 1519 1235 1563 res
1256 1504 1368 1575 pariter
1383 1522 1419 1565 ac
1435 1506 1528 1586 lylvae
1548 1501 1775 1581 recenseantur,
1792 1527 1827 1572 ac
1848 1510 1948 1584 proin·

399 1590 541 1655 valorem
562 1609 622 1651 riou
644 1589 825 1662 attingunt,
854 1590 902 1645 vel
931 1604 997 1659 quae
1020 1583 1154 1646 triennio
1188 1579 1224 1640 de
1239 1599 1347 1643 earum
1365 1581 1471 1646 incifio
1490 1603 1611 1661 quoque
1627 1584 1660 1646 dt
1683 1586 1820 1649 venditio
1834 1587 1943 1661 deperi·

398 1670 586 1735 nondurant
609 1661 1018 1744 ,sedusuconsummuntur,
1038 1660 1098 1722 sine
1117 1659 1154 1720 li·
1188 1658 1259 1745 deat
1281 1680 1299 1723 a
1318 1666 1416 1724 citata
1438 1664 1562 1725 Paulina
1584 1662 1808 1744 Extravaganti
1827 1666 1939 1731 Ambi-

399 1752 503 1814 eentia
533 1748 656 1811 alienari
684 1745 830 1818 poliunt.
860 1740 991 1806 Barbula
1016 1756 1044 1815 3.
1064 1761 1091 1816 p.
1117 1738 1155 1802 de
1189 1737 1279 1816 stola,
1298 1758 1332 1802 ac
1348 1739 1483 1804 Decreto
1508 1740 1600 1806 sacrat
1621 1744 1872 1822 congregationis
1892 1746 1944 1810 sub

397 1830 496 1909 porris.
524 1825 615 1906 Epist.
640 1824 737 1902 Alleg.
759 1837 807 1901 93.
835 1842 864 1882 n.
882 1820 929 1899 38.
960 1835 1007 1898 39.
1032 1820 1066 1886 ἀ
1085 1818 1155 1892 alii,
1190 1816 1317 1881 Urbano
1333 1816 1417 1880 Vlll.
1444 1817 1479 1883 dt
1498 1842 1567 1885 cum
1601 1824 1689 1888 varia
1717 1823 1774 1888 sint
1801 1824 1943 1890 arborum

396 1911 447 1987 qui
466 1907 616 1982 alierum,
637 1905 746 1968 l'acram
766 1902 1041 1978 Gongregatioiiem
1056 1899 1155 1962 decla·
1188 1894 1222 1961 dt
1242 1896 1394 1976 sylvarum
1414 1919 1542 1978 genera,
1563 1902 1599 1965 ad
1614 1904 1775 1967 clariorem
1791 1906 1833 1966 rei
1850 1905 1943 1967 eluci.

397 1987 475 2052 rasse
499 2035 507 2062 ,
534 2008 595 2049 rem
620 1982 760 2046 mobilem
785 1980 984 2043 excedentem
1016 1981 1155 2044 valorem
1189 1965 1624 2057 dationemAdvertendum,
1652 1980 1753 2063 sylvas
1782 1982 1856 2046 alias
1883 1984 1944 2046 &ci

396 2069 639 2145 vigintiquinque
663 2063 842 2124 ducatorum
879 2057 939 2123 else
973 2055 1153 2124 inalienabi·
1189 2055 1327 2131 caeduas,
1347 2056 1420 2120 alias
1442 2078 1502 2121 non
1523 2062 1658 2135 carduis,
1678 2078 1713 2125 ut
1733 2063 1824 2125 eitL.
1846 2062 1942 2142 Sylva

392 2145 475 2217 lem.
494 2145 638 2219 idemque
656 2142 751 2204 dicito
768 2138 804 2200 de
820 2135 1025 2203 oblationibus
1041 2160 1076 2203 ac
1097 2157 1153 2199 vo·
1191 2151 1237 2213 30.
1255 2137 1292 2201 de
1307 2133 1419 2202 verbor.
1427 2137 1582 2218 fignificat.
1600 2140 1693 2219 Sylva
1701 2141 1805 2204 caedua
1821 2139 1883 2218 est,
1903 2162 1940 2206 ac

343 2221 377 2259 s
396 2221 441 2289 ut
475 2229 555 2288 ureis
575 2222 609 2287 dt
641 2222 817 2297 argenteis,
847 2238 915 2293 quae
944 2220 1154 2295 appenduntur
1189 2215 1334 2280 definitur
1353 2217 1521 2295 illa,quae
1543 2220 1578 2282 ad
1600 2219 1656 2282 lioc
1677 2219 1806 2283 babetur
1828 2236 1864 2283 ut
1883 2223 1943 2284 εἶτ·

343 2345 363 2359 κ
394 2305 486 2369 alicu'
511 2305 611 2367 Altari
641 2306 671 2361 iri
698 2297 949 2375 protestationem
979 2297 1012 2362 ἀ
1039 2298 1154 2376 signum
1188 2295 1305 2371 datur,
1331 2295 1483 2361 &excisa
1505 2299 1604 2361 rursus
1625 2296 1851 2377 exliipitibus,
1887 2316 1944 2365 aut

393 2386 502 2461 gratiae
515 2399 674 2459 receptae,
696 2398 731 2443 ur
751 2377 910 2454 Donatus,
930 2378 1072 2440 Pallerin.
1094 2379 1150 2442 Pa·
1189 2373 1335 2439 radicibus
1352 2373 1545 2440 renascitur:
1577 2399 1615 2441 eir
1632 2398 1692 2453 quo
1709 2378 1828 2458 colligit
1845 2379 1945 2442 Passe-

348 2515 354 2532 .
394 2467 524 2553 normir.
553 2461 665 2524 Bonae.
692 2459 783 2522 Lezz.
811 2455 905 2520 aliive
938 2460 1027 2520 citari
1058 2459 1153 2521 hita
1189 2455 1415 2529 rinus,adboc
1435 2472 1471 2519 ut
1493 2454 1577 2538 sylva
1597 2457 1718 2519 dicatur
1738 2458 1944 2531 caedua,duo
2052 2470 2058 2478 ‘

345 2597 348 2601 .
393 2541 553 2606 Rotario.
583 2541 723 2605 Donatus
739 2538 841 2600 censet
868 2583 877 2611 ,
904 2535 1073 2613 oppositam
1088 2539 1152 2610 opi·
1189 2538 1317 2612 requiri,
1337 2533 1408 2598 idell
1430 2553 1465 2600 ut
1485 2536 1572 2614 sylva
1588 2536 1624 2598 ad
1646 2535 1725 2598 bunc
1741 2535 1834 2597 linem
1855 2536 1943 2599 ado·

363 2647 365 2654 >
394 2624 518 2683 irionem
539 2622 600 2685 elle
617 2617 796 2696 probabilem
820 2662 829 2692 ,
856 2634 895 2679 eo
916 2623 986 2692 quir
1008 2615 1083 2679 tales
1099 2615 1152 2678 ob·
1189 2614 1272 2677 mino
1294 2614 1434 2691 plantata
1453 2615 1489 2679 sit
1509 2615 1543 2679 dt
1564 2612 1772 2691 possideatur,
1793 2631 1829 2675 ut
1851 2612 1945 2678 statu·

392 2698 525 2764 sationes
541 2719 602 2760 nori
630 2697 688 2758 sint
713 2698 749 2757 ad
766 2695 864 2758 >ullum
887 2695 1026 2758 Eccleliae
1047 2691 1133 2759 usum
1141 2715 1153 2769 ,·
1189 2696 1228 2755 tis
1250 2695 1435 2768 temporibus
1460 2696 1599 2759 caedatur
1618 2742 1634 2769 ,.
1656 2690 1690 2757 dt
1710 2693 1747 2754 de
1771 2689 1851 2755 fauo
1865 2693 1943 2756 caedi

391 2774 445 2840 sed
464 2776 619 2847 advertit,
641 2774 814 2837 tutiuselie
835 2773 989 2836 licentiam
1010 2776 1153 2846 impetra·
1187 2770 1412 2849 consueverit,
1439 2771 1474 2835 ἃ
1499 2773 1547 2837 bie
1574 2774 1610 2837 lit
1643 2768 1752 2834 studius
1772 2774 1942 2848 praecipuus

393 2874 429 2917 re
448 2854 507 2929 ,si
528 2854 627 2919 velint
660 2851 814 2917 alienari.
845 2851 961 2912 Verum
985 2852 1154 2915 Passerinus
1190 2850 1392 2920 huiuscemodi
1415 2850 1534 2931 sylvae,
1564 2850 1636 2916 idesl
1654 2850 1796 2916 arborum
1820 2850 1974 2930 lucilius
2065 2869 2076 2879 ·’

391 2931 505 3003 validis
526 2929 695 3025 rationibus¹
710 2930 899 3023 contrarium
916 2928 1039 2994 lullinet
1060 2976 1068 2992 .
1090 2931 1153 2995 Ne·
1188 2934 1232 2994 ita
1253 2947 1289 2994 ut
1306 2933 1377 2997 licet
1403 2934 1500 2994 alium
1520 2928 1648 2996 siusium
1668 2932 1732 2995 baec
1761 2929 1847 3010 sylva
1876 2951 1947 3019 prop

351 3063 355 3066 ·
392 3005 1152 3171 stilliliisitt’ll'sitsi-virilis?‚¹232
1187 3008 1785 3156 lttzul‘sstltlitlsts‘lissit
1800 3011 1957 3153 iiiut*
2075 3079 2078 3086 ’

391 3171 594 3232 imminuatur
622 3188 727 3230 eorum
748 3167 862 3242 valor,
890 3164 924 3231 dt
943 3167 981 3231 sic
1010 3169 1067 3246 legi
1088 3189 1151 3232 nori
1188 3172 1266 3239 tius,
1287 3169 1395 3234 Altera
1409 3174 1549 3236 conditio
1564 3167 1660 3252 sylvae
1675 3170 1790 3234 caeduae
1805 3169 1875 3242 eli,
1907 3188 1944 3231 ut

391 3245 590 3310 subiaceant.
613 3247 683 3310 Hoc
703 3249 783 3309 enim
800 3245 874 3311 esset
891 3264 995 3322 aperte
1016 3266 1104 3324 agere
1121 3252 1152 3310 in
1187 3247 1307 3312 arbores
1326 3246 1435 3313 eircisae
1458 3251 1654 3316 renascantur
1670 3251 1719 3313 vel
1740 3269 1780 3312 eir
1795 3244 1946 3321 stipitibus

390 3324 531 3390 fraudem
552 3328 623 3401 legis
642 3374 650 3402 ,
682 3322 717 3388 ἀ
733 3324 793 3390 sirie
821 3326 1062 3391 solemnitatibus
1080 3329 1153 3390 alie·
1189 3328 1238 3390 vel
1258 3346 1297 3390 cx
1318 3328 1439 3405 radice,
1458 3350 1530 3392 curn
1551 3335 1582 3392 iti
1598 3330 1664 3393 aliis
1682 3328 1855 3391 incidantur
1871 3342 1945 3388 tati-

393 3425 469 3469 naie
486 3427 553 3481 quae
571 3426 609 3467 eit
625 3407 731 3485 citatis
760 3405 872 3482 legibus
890 3407 956 3467 lunt
975 3406 1152 3470 inalienabi·
1189 3423 1256 3466 rum
1285 3410 1360 3469 rami
1384 3406 1475 3481 usque
1501 3408 1538 3470 ad
1569 3426 1741 3482 truncum,
1769 3424 1809 3466 eii
1838 3404 1945 3479 quibus

392 3484 433 3548 lia
453 3533 462 3561 ,
492 3505 527 3548 ac
549 3485 673 3559 proinde
689 3484 825 3549 invalida
853 3483 969 3561 prorsus
990 3485 1059 3548 talis
1075 3487 1151 3549 eslet
1186 3484 1268 3546 liunt
1289 3485 1348 3558 pali
1366 3505 1419 3559 pro
1436 3484 1550 3547 vitibus
1570 3486 1619 3549 vel
1637 3486 1715 3562 ligna
1732 3504 1788 3560 pro
1808 3486 1895 3561 igne,
1911 3487 1945 3546 in

362 3635 371 3642 ,
390 3566 540 3629 alienatio
558 3561 592 3627 st
610 3563 734 3626 illicita.
1189 3564 1256 3625 aliis
1272 3562 1375 3626 incisio
1390 3561 1447 3625 liat
1468 3568 1564 3627 ctiam
1584 3567 1686 3628 trunci
1703 3564 1794 3639 usque
1811 3564 1848 3627 ad
1869 3561 1947 3627 tadi·

431 3643 517 3707 Libri
539 3650 894 3729 quoque'cnmputantur
923 3644 1006 3707 inter
1030 3642 1151 3708 mobilia
1187 3662 1255 3716 ces,
1277 3660 1296 3704 a
1316 3641 1425 3717 quibus
1444 3641 1542 3706 denuo
1562 3644 1720 3719 pullulant
1734 3642 1769 3708 dt
1785 3641 1946 3707 renascun·
1990 3670 1992 3675 ·

393 3720 523 3799 pretiosa
561 3722 682 3798 quando
707 3722 854 3786 accedunt
890 3723 927 3787 ad
954 3719 1153 3798 lupradrtlum
1189 3739 1255 3786 rur.
1276 3719 1371 3801 Sylva
1391 3723 1840 3800 autemnuncaeduaillaeli,
1860 3726 1946 3787 cuius

390 3802 530 3867 valorem
552 3803 588 3863 ad
615 3800 858 3866 conllituendam
883 3823 946 3866 rem
973 3803 1153 3881 pretiosam,
1189 3804 1309 3867 arborea
1338 3820 1400 3865 non
1430 3801 1630 3869 renaseuntur
1651 3824 1691 3867 eir
1725 3804 1871 3867 radicibus
1893 3819 1948 3867 aut

389 3880 456 3945 sive
472 3879 576 3960 singuli
591 3879 837 3957 considerentur,
853 3881 916 3948 sive
932 3882 1152 3959 simulconiun·
1189 3901 1315 3958 trunco,
1333 3901 1434 3957 neque
1450 3903 1468 3946 a
1489 3883 1611 3948 domino
1626 3883 1783 3959 plantatur
1795 3876 1833 3947 ‘dt
1854 3879 1947 3943 babe-
2061 3928 2066 3955 ,

343 3960 539 4037 xiim-cum
555 3966 585 4023 in
602 3961 706 4025 multis
727 3965 863 4025 materiis
886 3962 1080 4038 expluribus
1100 3964 1154 4027 lia·
1189 3981 1241 4028 tur
1258 3979 1294 4026 ut
1317 3961 1497 4039 incidatur,
1526 3962 1574 4026 sed
1599 3963 1680 4028 aliud
1702 3962 1946 4026 emolumentum
2007 4034 2009 4037 ¹

393 4040 531 4106 bentibus
548 4040 753 4103 habitudinem
775 4045 856 4104 inter
877 4042 906 4106 le
928 4044 959 4103 iri
987 4043 1094 4107 ordine
1116 4044 1151 4106 ad
1190 4040 1240 4108 seu
1256 4037 1385 4105 siusium
1399 4061 1438 4104 ex
1459 4040 1520 4120 ipsa
1543 4044 1693 4119 percipere
1714 4040 1872 4104 intendit.
1904 4038 1947 4102 Et

392 4122 531 4186 eumdem
547 4119 644 4183 linem
661 4118 694 4184 dt
714 4118 800 4183 usum
816 4120 870 4185 fiat
895 4142 990 4185 unum
1017 4123 1152 4187 morale.
1190 4118 1357 4184 huiusmodi
1378 4120 1475 4201 l'ylvae
1489 4119 1524 4185 dt
1541 4119 1663 4185 arbores
1679 4119 1749 4183 lunt
1765 4140 1833 4194 quae
1849 4122 1947 4182 etiam

392 4200 440 4265 Sic
458 4221 495 4263 eir
514 4199 647 4267 pluribus
677 4199 760 4262 libris
786 4200 1059 4279 litBibliorheca,
1086 4220 1153 4277 quae
1190 4195 1349 4279 frugiferae
1374 4200 1539 4277 dicuntur,
1575 4217 1610 4261 ut
1633 4198 1866 4276 vites,olivae,
1887 4218 1947 4259 nu·

391 4280 486 4343 valde
507 4279 718 4357 Religionibus
733 4300 786 4354 pro
801 4300 908 4343 earum
933 4278 1037 4342 studiis
1054 4279 1154 4344 neces·
1188 4302 1258 4354 ces,
1278 4276 1448 4352 castaneae,
1467 4299 1563 4358 pyra,
1579 4296 1669 4353 poma
1683 4277 1718 4341 dt
1734 4276 1862 4355 similia,
1876 4295 1946 4353 quae
2046 4349 2057 4362 Η

391 4357 472 4422 saria
490 4361 524 4425 ἀ
544 4353 676 4437 pretiosa
696 4357 733 4420 ab
746 4358 886 4423 omnibus
907 4359 1083 4425 iudicatur.
1108 4363 1154 4424 Sic
1191 4357 1340 4433 siusium,
1359 4353 1489 4420 afferunt
1511 4359 1547 4420 ad
1569 4357 1655 4420 usum
1680 4358 1864 4433 hominum,
1894 4355 1946 4420 vel

392 4438 560 4513 Donatiu,
580 4438 748 4501 Passerinus
765 4439 799 4503 dt
816 4440 889 4503 alii.
1191 4437 1385 4513 animalium;
1406 4435 1440 4499 dt
1456 4436 1577 4504 arbores
1593 4457 1629 4501 rc
1645 4434 1662 4499 s
1679 4438 1739 4502 lvie
1756 4434 1879 4503 huiusce
1895 4454 1948 4513 ge·
1993 4477 2001 4487 »-

434 4518 518 4582 luter
536 4539 581 4580 res
604 4519 909 4583 inalienabilesiuitta
928 4519 1155 4596 probabiliorem
1191 4522 1290 4595 neris,
1310 4516 1382 4588 licet
1401 4513 1483 4578 forte
1502 4537 1542 4580 eir
1562 4457 1710 4582 ndiciim
1729 4515 1946 4589 renascantur,
2045 4538 2056 4559 ν

392 4596 691 4677 recensenturetiam
704 4598 852 4673 Reliquiae
869 4597 1016 4677 insignes,
1030 4620 1070 4663 eo
1085 4603 1154 4675 quia
1192 4611 1343 4673 nequeunt
1364 4595 1422 4657 dici
1437 4596 1549 4661 caeduae
1567 4644 1576 4673 ,
1604 4600 1673 4674 quia
1694 4597 1819 4660 illarum
1835 4590 1947 4655 stulius

393 4677 468 4740 licet
494 4697 558 4740 non
585 4677 643 4739 sirit
668 4682 767 4753 pretio
784 4676 977 4742 aestimabiles
1006 4728 1013 4756 ,
1042 4680 1158 4743 idcirco
1192 4698 1254 4740 non
1271 4676 1442 4741 attenditur
1462 4695 1501 4741 eit
1517 4697 1620 4740 earum
1640 4675 1810 4749 incisione,
1841 4670 1888 4734 led
1906 4689 1948 4733 eit

389 4756 589 4833 pretiosiores
609 4753 843 4834 quibuscumque
859 4757 1017 4822 mobilibus
1033 4757 1156 4823 censeri·
1191 4758 1364 4821 earumdem
1379 4753 1631 4822 conservatione.
1655 4752 1701 4819 lta
1718 4748 1862 4815 Barbosa.
1884 4749 1950 4813 Ne·

391 4835 439 4901 dae
463 4834 550 4900 suot.
1192 4857 1251 4913 que
1275 4835 1375 4917 sylvae
1402 4836 1610 4900 credun-sunt
1641 4837 1713 4898 licet
1743 4827 1950 4907 inl‘rugiserae,

412 4916 499 4979 :Res
521 4917 678 4995 vetullae,
707 4934 783 4993 puta
814 4937 891 4981 cruit
914 4932 1013 4982 vetus,
1030 4918 1061 4977 in
1084 4916 1158 4979 cali·
1192 4936 1260 4992 quae
1281 4931 1494 4979 armentorum
1514 4914 1609 4990 pallui
1626 4912 1695 4976 sunt
1715 4909 1894 5001 destinata,
1913 4923 1951 4971 ut

391 5014 481 5075 cem,
503 4997 594 5081 sylva
612 4997 729 5062 inutilis
749 5003 781 5061 in
798 4999 948 5060 olivetum
970 5041 979 5071 ,
1001 4996 1093 5060 vinea
1110 4995 1159 5057 de·
1192 5018 1232 5060 ex
1251 4999 1305 5059 cit.
1327 4996 1363 5057 L.
1386 4994 1479 5073 Sylva
1498 4994 1531 5057 ss.
1549 4996 1585 5058 dr
1600 4995 1713 5058 verbor.
1724 4994 1876 5073 fignificat.
1897 4986 1951 5081 vel

389 5075 473 5144 serta
495 5083 526 5151 iri
547 5096 668 5156 pratum
683 5126 693 5160 ,
713 5077 748 5143 dt
765 5079 826 5145 alia
844 5075 1013 5144 huiusmodi
1027 5095 1158 5143 convet-
1195 5077 1233 5144 ad
1250 5074 1464 5144 insanitatem
1477 5076 1537 5142 loci
1545 5121 1558 5156 ,
1576 5074 1638 5140 si've
1654 5073 1692 5138 ad
1705 5073 1871 5139 reddendas
1888 5085 1956 5133 vias
2006 5083 2019 5090 “’

1061 5202 1062 5205 ,
1850 5167 1925 5213 ona·
2044 5189 2046 5193 »
