4584 5992
515 612 545 620 ..
780 550 1648 628 nactusurrscar.lv.
1855 553 1926 654 165

425 670 494 719 cere
511 648 773 732 irregularitatem
786 671 850 730 cap.
867 631 1047 733 suscepimus
1062 649 1100 718 de
1120 649 1181 715 hn-
1219 646 1372 712 homicidii
1405 647 1579 726 simpliciter
1609 649 1806 734 voluntarii,
1844 675 1916 722 eum
1942 655 1977 726 itt

418 731 543 799 uiridia
554 779 565 812 ,
580 745 655 812 icrp.
675 732 819 800 Clerirurn
831 731 904 797 dili.
934 749 981 809 50.
1007 729 1182 796 Concilium
1217 729 1274 791 hoc
1292 731 1406 805 pariter
1422 726 1780 814 discrepentr‘shcologi,
1804 751 1894 802 notar
1908 741 1976 806 riu·

426 809 513 877 Trio
536 811 598 876 leil.
620 833 665 893 ¹4·
679 833 748 891 rap.
770 834 799 895 γ.
818 813 857 883 dr
879 810 1028 901 reformat.
1046 809 1109 877 sire
1126 812 1180 877 lao-
1214 807 1277 872 ilor
1292 810 1440 887 Supplrrn.
1458 809 1594 876 Tarmel.
1617 811 1759 876 adrasus
1781 812 1903 880 huiusce
1924 834 1973 882 re·

424 892 581 957 mieidium
599 894 814 959 committatur
830 893 949 973 phylrce
969 910 1022 970 per
1044 890 1096 968 se,
1118 890 1182 956 sive
1215 886 1399 956 solutionem
1419 889 1619 961 attendendae
1635 891 1696 954 elie
1711 893 1969 966 circumllantiaa:

423 970 580 1038 moraliter
597 992 648 1049 per
668 972 763 1039 alium
773 1022 783 1055 ‚
802 972 874 1038 idesl
889 992 971 1036 mort
987 974 1118 1050 proximi
1132 972 1179 1035 di·
1216 968 1298 1033 Nam
1318 964 1340 1032 sr
1360 972 1427 1045 quis
1442 973 1608 1046 ramiro,
1630 987 1752 1045 tamque
1769 978 1880 1038 acriter
1896 978 1972 1054 ira,
2025 976 2030 987 '

423 1049 503 1117 re&
523 1052 701 1117 intendatur
717 1055 768 1120 vel
798 1066 978 1130 procuretur
999 1073 1009 1126 ;
1033 1049 1067 1115 dr
1093 1047 1180 1127 super
1216 1047 1380 1127 tumultu,
1402 1053 1554 1122 conviciis
1573 1052 1606 1113 in
1623 1071 1695 1114 eum
1715 1051 1809 1115 illatis
1825 1061 1972 1130 corripia-

421 1130 501 1196 hane
520 1132 797 1214 irregularitatem,
817 1154 924 1209 nernpe
949 1152 989 1195 eir
1010 1131 1179 1195 horuicidio
1215 1146 1266 1192 rur
1278 1174 1289 1206 ,
1303 1144 1343 1196 ot
1359 1132 1415 1197 vix
1429 1149 1552 1207 compoa
1572 1130 1615 1195 sui
1634 1177 1644 1210 ,
1667 1128 1707 1200 «ἁ
1721 1128 1787 1196 sere
1806 1129 1868 1200 sine
1883 1130 1976 1200 zelir--

421 1212 622 1289 voluntario,
637 1210 814 1279 difficillime
839 1209 901 1291 ipsa
925 1212 955 1278 S.
979 1210 1069 1276 Sedet
1101 1209 1178 1298 soler
1214 1213 1308 1299 alone
1323 1226 1363 1276 ac
1376 1208 1598 1279 deliberatione
1617 1215 1848 1282 conviciantem
1865 1233 1970 1292 aggre·

420 1287 658 1368 iffponsrremt
679 1313 719 1359 ea
738 1293 854 1359 loanne
872 1290 940 1355 Vll.
956 1294 990 1354 in
1016 1309 1083 1363 cap.
1113 1293 1177 1354 Mr·
1212 1288 1314 1353 dratur
1339 1336 1348 1364 ,
1372 1287 1412 1356 -ἀ
1437 1290 1584 1368 occidat,
1611 1290 1674 1354 tale
1692 1291 1887 1362 homicidium
1907 1312 1971 1360 non

419 1391 477 1436 rer.
498 1370 581 1436 liinc
600 1370 773 1439 Concilium
792 1372 878 1436 Trid.
896 1369 946 1435 ubi
959 1372 1117 1447 pennirrir
1139 1372 1177 1432 E·
1210 1365 1603 1439 censebiturrrolunrariurn
1614 1368 1789 1446 simpliciter
1799 1417 1812 1446 .,
1828 1371 1875 1435 sed
1891 1374 1971 1438 mla·
2056 1371 2061 1382 '

356 1487 359 1492 -
442 1448 549 1530 iltopir
579 1449 628 1517 dis
644 1449 746 1517 ensare
770 1455 804 1516 ln
829 1448 1106 1531 irregularitatibua
1136 1470 1176 1514 ex
1212 1464 1278 1510 tum
1297 1493 1307 1522 ,
1325 1468 1395 1516 com
1414 1451 1459 1514 ita
1478 1451 1615 1521 occident
1632 1470 1693 1514 non
1713 1451 1832 1520 occidat
1849 1473 1889 1516 ert
1904 1453 1969 1529 ple·

418 1470 528 1596 salitio
542 1474 667 1597 occasio
685 1531 953 1607 provenientibus,
972 1532 1087 1607 excipit
1108 1551 1176 1594 eam
1210 1546 1251 1588 no
1267 1526 1418 1602 proposito
1437 1526 1507 1618 ,οἱ
1526 1527 1692 1600 deliberata
1707 1529 1904 1622 ¹uoluntate,
1932 1541 1970 1606 ae

418 1628 486 1688 quae
507 1615 607 1675 oritur
622 1630 663 1674 err
679 1611 843 1677 homicidio
859 1610 1057 1686 voluntario,
1080 1609 1114 1677 dt
1140 1627 1174 1674 ur
1208 1607 1417 1697 carropera,
1444 1611 1524 1678 licut
1546 1609 1582 1676 ad
1603 1597 1797 1676 homicidium
1820 1630 1892 1679 vere
1913 1630 1972 1678 vo·

418 1688 582 1766 plurimum
610 1688 647 1755 ab
677 1689 743 1770 ipso
769 1692 896 1756 Summo
925 1692 1075 1755 Pontiiice
1102 1691 1174 1753 ralis
1208 1685 1378 1754 luntarrurn
1400 1692 1594 1766 requiritur,
1622 1708 1660 1753 eo
1685 1687 1772 1753 sensu
1797 1710 1859 1768 quo
1886 1710 1969 1760 nunc

355 1784 359 1791 ·
417 1773 516 1847 gratia
546 1769 737 1850 denegetur.
768 1769 941 1837 liemicidre
966 1790 1044 1835 vero
1066 1769 1175 1833 volun·
1210 1764 1420 1836 voluntarium
1442 1770 1648 1844 expenditur.
1678 1770 1771 1836 Secus
1787 1775 1898 1842 a'trtem
1918 1771 1967 1844 di,-

418 1852 489 1920 tarii
517 1847 637 1928 physice
668 1848 774 1928 &per
790 1852 909 1918 sesunt
936 1869 1041 1913 omnes
1072 1848 1173 1913 cuiui-
1205 1844 1362 1923 cendum,
1389 1844 1499 1917 llrirct
1518 1849 1619 1920 locum
1636 1849 1772 1925 aliqualis
1793 1846 1968 1939 reflexionit
2061 1865 2066 1873 ‘

416 1946 545 2006 cumque
561 1930 735 2010 dignitatis,
752 1935 802 2008 qui
821 1933 854 1994 in
873 1927 978 1994 duello
998 1978 1006 2005 ,
1032 1932 1064 1991 in
1090 1928 1176 1993 hello
1207 1923 1362 2001 relinquat
1379 1930 1501 2007 animo,
1518 1945 1555 1999 ut
1570 1928 1732 2009 cognoscat
1768 1932 1827 1997 uod
1843 1934 1925 2009 agit.

417 2002 575 2080 manifeste
591 2007 721 2084 iniulio,
740 2032 776 2075 ac
793 2014 824 2074 in
839 2011 899 2074 alia
919 2028 1105 2085 quecumque
1121 2028 1168 2072 oc·
1244 2003 1414 2098 Homicida
1435 2009 1591 2076 moraliter
1607 2016 1657 2074 leu
1676 2030 1727 2090 per
1743 1952 1836 2080 alium
1852 2011 1965 2074 volun·

415 2084 532 2154 rasione
547 2107 586 2152 err
604 2086 756 2178 proposito
774 2090 904 2167 aliquem
921 2086 1030 2152 iniuste
1040 2108 1074 2151 ac
1083 2087 1170 2162 spon·
1207 2098 1279 2147 taru
1300 2082 1477 2161 simpliciter
1494 2095 1565 2154 lunt
1585 2092 1786 2166 mandantes,
1807 2087 1967 2154 consulen-

416 2182 506 2238 tanee
526 2170 738 2245 intericiunt,
766 2170 905 2235 livehoc
928 2168 984 2234 hat
1010 2170 1170 2246 prociona,
1205 2178 1280 2251 ter,
1313 2167 1405 2231 aliive
1430 2187 1654 2246 cooperantes.
1688 2168 1731 2236 Hi
1758 2171 1842 2234 enim
1859 2188 1991 2234 omnes.

417 2244 727 2348 &abiqueremporis
743 2270 847 2328 mora,
868 2246 1064 2327 fivesenfim,
1081 2246 1170 2313 dese·
1204 2245 1277 2330 lunt
1298 2265 1381 2315 verae
1403 2248 1557 2316 homicidii
1579 2249 1708 2315 cauliae.
1729 2249 1788 2312 Rei
1809 2248 1964 2313 homicidii

376 2375 381 2386 .
414 2344 466 2406 ro,
486 2346 523 2391 ut
540 2325 560 2389 sr
579 2331 644 2405 quir
663 2328 796 2406 prebeat
817 2329 905 2397 alteri
922 2347 1091 2405 venenum,
1108 2349 1169 2403 auo
1206 2323 1278 2387 lunt
1298 2325 1478 2397 mandantes
1493 2350 1559 2405 cap.
1579 2328 1691 2409 Siquis
1708 2329 1832 2395 triduana
1848 2327 1877 2391 8.
1896 2325 1960 2392 diii.

413 2407 585 2486 paularim,
612 2404 647 2474 ἀ
676 2408 836 2486 aliquando
854 2413 952 2477 etiam
979 2407 1042 2485 poll
1066 2408 1169 2485 plurer
1204 2407 1391 2495 soretiamli
1418 2409 1600 2476 mandantes
1627 2412 1805 2480 mandarum
1834 2427 1964 2482 revoca·

414 2485 530 2551 manser
549 2491 690 2566 interiit,
711 2487 832 2554 tametsi
849 2506 909 2572 ,ut
929 2504 1019 2552 notat
1037 2486 1169 2564 suarez,
1205 2502 1307 2575 verint
1324 2531 1337 2563 ,
1367 2484 1387 2551 sr
1408 2492 1568 2558 revocatio
1596 2509 1658 2554 non
1681 2492 1819 2558 innotuit
1838 2489 1964 2553 manda·

412 2582 566 2630 venenum
587 2569 767 2645 prebuerit,
782 2587 818 2633 ut
834 2569 968 2634 eiusdem
990 2571 1054 2634 vim
1075 2567 1107 2630 dc
1123 2564 1160 2629 cs
1203 2579 1307 2655 canoa
1322 2569 1393 2641 quia
1407 2566 1457 2639 laic
1473 2568 1617 2646 quamdiu
1632 2572 1864 2638 revocationem
1875 2586 1963 2632 man·
2006 2607 2008 2613 ,

410 2641 550 2709 ficariam
568 2651 764 2723 experiatur,·
806 2651 856 2713 uia
871 2643 1167 2712 &hirdirellevulr
1206 2641 1270 2732 ¹datr
1297 2648 1419 2721 ignorat
1439 2694 1448 2724 ,
1476 2652 1539 2727 agit
1561 2654 1686 2714 nomine
1701 2649 1873 2722 mandantis
1888 2694 1896 2724 ,
1913 2660 1960 2716 :ec

410 2742 542 2788 mortem
559 2726 773 2801 campaneo
818 2730 939 2804 un,in
959 2744 1020 2800 qno
1035 2728 1168 2787 innorel·
1202 2722 1462 2798 irregularitatem
1478 2731 1642 2792 incurrunt
1664 2727 1844 2795 mandantes
1867 2747 1958 2793 occa·

406 2798 591 2868 tarvisini
618 2808 745 2868 venerii.
773 2805 845 2868 Non
869 2807 1062 2867 conveniunt
1088 2801 1168 2878 verd
1203 2795 1286 2864 saone
1306 2802 1348 2866 sui
1369 2806 1504 2870 mandati
1526 2853 1535 2884 ,
1563 2809 1584 2870 ii
1602 2810 1663 2885 iple
1684 2808 1894 2878 mandatarius
1909 2827 1962 2874 oe*
2084 2821 2086 2828 ’

372 2899 377 2908 ·
410 2876 563 2961 Theologi
580 2883 660 2946 circa
680 2904 750 2948 eum
764 2931 774 2961 ,
788 2888 838 2960 qui
857 2882 1165 2968 postquamapplicuit
1200 2877 1344 2959 ridetur,
1365 2890 1435 2960 quia
1451 2886 1522 2950 licet
1538 2888 1609 2954 talis
1625 2910 1706 2954 mora
1725 2889 1865 2965 sequatur
1885 2908 1962 2968 prae·

406 2958 541 3051 trullam
557 2957 933 3042 morrir„priusquamea
951 2962 1113 3037 sequatur,
1136 2966 1166 3026 le
1202 2976 1251 3021 ter
1272 2963 1506 3044 intentionem,
1534 2966 1568 3038 dr
1598 2968 1740 3034 direilana
1766 2969 1962 3034 voluntatem
2075 2965 2081 2978 '

382 3033 478 3106 'susti
499 3041 668 3122 poeniteat,
684 3063 758 3108 num
781 3044 1044 3121 irregularitatem
1068 3041 1164 3114 adhuc
1200 3039 1431 3122 mandantium,
1452 3066 1591 3122 poterant
1610 3065 1738 3125 tamen,
1756 3046 1791 3116 ἀ
1807 3047 1960 3114 debebant

404 3117 589 3186 contrahat.
605 3120 774 3186 Contendit
795 3122 935 3199 suarez,
959 3118 993 3186 dt
1009 3123 1108 3184 tutius
1130 3127 1163 3185 in
1198 3121 1335 3207 rogitare
1355 3123 1440 3194 illam
1455 3128 1591 3197 accidere
1616 3131 1697 3208 posse
1712 3149 1779 3206 cap.
1800 3128 1901 3200 ultim.
1919 3129 1958 3193 de

405 3197 600 3282 pratel,hunc
612 3202 765 3269 incurrere
775 3202 1164 3281 irregularitatem,contra
1199 3194 1338 3268 homod-
1359 3207 1391 3268 in
1414 3207 1445 3269 6.
1466 3206 1603 3288 Eamque
1629 3214 1790 3280 incurrunt
1809 3210 1959 3272 mandan-

404 3273 674 3359 Salnrarttieenset,
693 3285 742 3358 qui
760 3299 877 3358 partem
887 3283 1069 3359 negativam
1079 3280 1163 3346 lulli·
1199 3294 1245 3341 ter
1265 3281 1397 3357 aliquem
1415 3286 1565 3353 verberari
1586 3335 1595 3368 ‚
1625 3287 1698 3356 licet
1719 3288 1857 3365 239,qu
1878 3287 1957 3352 infir.

404 3372 499 3449 oent3
515 3360 613 3437 qnia(
631 3364 675 3426 ait
694 3361 807 3426 Suareu
831 3363 843 3437 )
871 3359 948 3425 licut
975 3364 1162 3435 punitentia
1193 3354 1293 3448 boarit
1310 3382 1349 3428 ur
1361 3366 1537 3441 occidatur,
1554 3369 1605 3431 vel
1622 3366 1757 3430 membro
1772 3367 1874 3442 aliquo
1889 3388 1959 3431 mu·

404 3436 663 3516 uregularitatem
679 3443 740 3503 iam
754 3438 946 3505 contraham
966 3460 1028 3502 non
1054 3441 1163 3518 tollit,
1199 3436 1324 3514 trierur,
1346 3438 1589 3516 srmandatariur
1610 3443 1686 3509 liner
1706 3448 1844 3511 mandati
1860 3463 1955 3509 exce·

387 3509 442 3580 oe
458 3527 515 3580 nec
532 3520 682 3595 impedire
699 3521 797 3597 potest
819 3540 858 3584 ne
873 3519 979 3583 eadem
994 3518 1162 3582 contraho·
1198 3514 1272 3605 deur
1293 3520 1419 3596 mutilet
1443 3524 1494 3587 vel
1514 3524 1633 3590 occidat
1655 3546 1667 3600 ,·
1695 3527 1765 3600 quia
1782 3524 1958 3589 mandando

405 3609 470 3659 tor·
487 3602 639 3675 Μάριοι
651 3602 687 3662 in
703 3597 774 3666 casu
793 3596 933 3676 praeienri
947 3616 1014 3660 non
1036 3601 1162 3675 impedit
1198 3614 1230 3656 an
1250 3595 1339 3673 culpa
1356 3596 1443 3668 fuere
1465 3650 1475 3681 ,
1503 3600 1538 3668 ἀ
1555 3606 1611 3668 hoc
1631 3607 1756 3670 evenire
1779 3603 1857 3682 polle
1873 3607 1957 3684 cogi·

403 3689 442 3738 le
577 3698 652 3742 vere
671 3678 705 3746 ἀ
730 3675 901 3745 efficaciter
927 3674 963 3740 sit
993 3676 1162 3754 homicida,
1197 3689 1268 3738 tare
1279 3678 1412 3748 debuere
1431 3702 1499 3759 cap.
1517 3686 1554 3747 -1s
1577 3682 1630 3762 qui
1643 3683 1686 3750 :Ae
1709 3678 1846 3751 homicid.
1869 3687 1905 3747 in
1922 3687 1954 3747 6.

364 3772 368 3783 ·
401 3748 557 3834 &dianus
579 3777 672 3837 pona
691 3759 955 3835 ranciriliquam
976 3753 1162 3823 Ecclesraili·
1197 3752 1254 3839 Rei
1274 3761 1388 3832 pariter
1413 3757 1485 3826 sunt
1515 3764 1686 3830 voluntarii
1709 3764 1861 3851 horuicidii
1882 3783 1956 3831 con·

396 3851 459 3912 et,
474 3838 702 3915 irregularitate
711 3837 894 3918 praesertim,
914 3837 951 3903 ad
964 3841 1160 3911 quamincur·
1197 3833 1330 3905 solenter
1368 3838 1536 3912 efficaciter
1569 3845 1763 3910 homicidium
1790 3841 1957 3920 iniustum,

398 3913 527 3981 undam
541 3921 637 3998 magii
652 3914 764 3985 stilum
779 3922 1045 3996 requiriturquam
1052 3918 1159 3995 culpa.
1194 3935 1262 3994 cap.
1278 3920 1313 3993 δι’
1339 3920 1404 3998 qrrr'r
1421 3920 1552 3988 viduam
1568 3923 1635 4005 dili.
1662 3943 1711 4003 '50-
1733 3923 1767 3990 ἀ
1783 3945 1852 4001 cap.
1874 3923 1957 3988 Sr'rrrr

352 3999 358 4010 ’
398 3989 490 4062 floet
513 4000 598 4063 essim
621 3998 827 4065 huiuscemodi
855 3996 1055 4063 homicidium
1083 4018 1159 4077 pro·
1196 4006 1224 4067 i·
1253 3998 1352 4064 ultim.
1382 4001 1419 4065 de
1448 4001 1585 4075 homicid.
1617 4004 1736 4070 etiamsi
1760 4001 1956 4069 consolanter

348 4119 353 4126 -
398 4071 494 4152 senti,
511 4074 546 4144 ἀ
561 4075 668 4143 annali
686 4078 1159 4158 voluntareintentumnonsrt,
1194 4096 1267 4145 ante
1287 4078 1484 4145 homicidium
1498 4082 1658 4147 consilium
1675 4083 1760 4148 suum
1786 4100 1957 4146 revocave-
1992 4085 2001 4133 -“

396 4154 442 4220 ro
462 4173 569 4222 tanen
584 4158 730 4224 iniustum
741 4157 798 4227 seu
808 4159 1023 4226 voluntarium
1044 4159 1159 4224 volun·
1194 4163 1289 4234 rinr,·
1313 4163 1388 4237 quia
1417 4164 1512 4225 eriam
1538 4167 1569 4224 in
1596 4163 1650 4227 rali
1672 4160 1742 4228 casu
1761 4162 1954 4228 conlulenter

395 4247 466 4302 tete
482 4237 689 4318 precedenti,
703 4237 743 4306 dc
760 4260 797 4306 ea
816 4235 936 4306 efficaci
952 4236 1158 4316 ailuqneope·
1195 4238 1291 4304 adhuc
1308 4238 1474 4304 censentur
1506 4243 1629 4306 moralis
1649 4243 1752 4309 caussa
1774 4241 1952 4322 homicidii;

397 4327 505 4395 rorte,
524 4337 561 4384 ac
576 4318 645 4384 ideo
658 4321 751 4399 digna
771 4324 823 4386 cui
844 4337 938 4398 prena
960 4321 1158 4385 retribuenda
1194 4323 1326 4383 maxime
1342 4318 1364 4382 si
1380 4327 1534 4399 rationes,
1551 4322 1658 4399 quibus
1676 4323 1864 4388 innitebatur
1882 4342 1956 4387 con·
2071 4373 2077 4387 .

387 4389 451 4475 iit,
466 4416 538 4475 que
558 4418 611 4476 per
619 4419 736 4464 meram
754 4398 1156 4479 velleitatem&displicerr
1193 4399 1308 4476 lilium,
1328 4396 1386 4463 sint
1404 4403 1448 4463 ira
1465 4411 1641 4489 moventes,
1660 4402 1695 4470 dc
1710 4406 1952 4480 convincenter,

394 4477 496 4556 uana,
522 4499 595 4555 quae
627 4479 703 4543 nihil
724 4484 861 4544 exterior
885 4496 1063 4557 operatur,
1084 4479 1156 4544 tolli
1194 4498 1230 4546 ut
1249 4484 1409 4546 revocatio
1429 4481 1546 4545 consilii
1575 4504 1637 4550 non
1663 4486 1792 4564 amplius
1813 4483 1954 4548 attenda-

386 4561 523 4635 unit.
539 4558 618 4624 linc
639 4558 811 4637 sententia,
828 4578 865 4623 ut
881 4562 913 4622 in
931 4563 1019 4635 praxi
1033 4563 1158 4637 tutior,
1194 4579 1272 4639 tur,
1302 4576 1338 4625 ut
1363 4579 1454 4625 notar
1478 4562 1590 4627 Suarez
1618 4562 1684 4629 dili.
1705 4587 1753 4646 44
1783 4561 1847 4627 tell.
1871 4582 1899 4621 2.
1922 4584 1953 4625 n.

363 4643 372 4660 ⁸
396 4635 679 4705 admittiturerirm
697 4640 734 4704 ab
749 4639 897 4717 aliquibus
912 4658 952 4702 tx
974 4642 1038 4718 iisd.
1058 4658 1094 4704 ut
1119 4639 1157 4705 ab
1194 4660 1241 4706 ro.
1262 4660 1331 4706 curn
1352 4641 1422 4710 aliis
1441 4685 1449 4702 .
1468 4641 1617 4709 Similiter
1634 4644 1692 4708 Rei
1710 4651 1777 4716 lunt
1799 4641 1953 4705 homicidii

396 4713 575 4798 lienriquea
590 4722 671 4800 apud
686 4722 834 4795 Aviiam,
855 4724 907 4796 qui
921 4739 1036 4799 negant
1056 4722 1154 4785 inrali
1194 4721 1363 4785 voluntarii
1383 4741 1491 4785 omner
1532 4743 1731 4802 cooperanrer
1761 4722 1799 4788 ad
1829 4720 1954 4784 horniei·

395 4794 465 4870 casu
484 4802 599 4866 incurri
617 4805 992 4878 excommunicationem,
1006 4805 1079 4877 quia
1088 4805 1156 4866 haec
1191 4800 1302 4878 dium,
1323 4820 1358 4867 ac
1380 4802 1448 4867 ideo
1468 4804 1652 4882 irregulares
1671 4826 1739 4881 cap.
1759 4802 1840 4888 Sicut
1860 4799 1890 4859 6
1910 4799 1952 4887 de

391 4883 521 4958 requirit
536 4885 784 4961 contumaciam,
813 4901 904 4957 quam
935 4901 996 4946 non
1026 4885 1154 4958 requirit
1190 4877 1329 4947 homicid.
1347 4878 1384 4947 dt
1400 4880 1436 4945 L.
1459 4887 1550 4947 unica
1564 4883 1630 4948 cod.
1647 4882 1685 4947 dr
1701 4893 1786 4960 raptu
1801 4896 1950 4959 vrrgrrrrr.

394 4958 618 5041 irregulariter.
1191 4960 1323 5027 Unico
1348 4962 1447 5037 plurer
1473 4965 1510 5028 de
1536 4965 1691 5029 communi
1710 4957 1856 5027 consensu
1875 4977 1950 5024 con·

427 5040 523 5109 Circa
542 5061 620 5110 vero
640 5063 714 5110 eum
727 5055 742 5125 ‘,
768 5045 820 5122 qui
840 5043 874 5121 in
893 5040 1067 5121 heptatina
1085 5042 1155 5107 rixa
1190 5038 1373 5117 spiraverint
1388 5042 1421 5106 in
1436 5059 1568 5108 mortem
1583 5039 1710 5110 alicuius
1747 5037 1782 5108 dt
1798 5041 1823 5103 ir
1841 5036 1878 5106 ab
1890 5059 1954 5105 uno

395 5113 549 5215 hominem
572 5120 674 5191 sabim
700 5120 893 5203 interiecit,
923 5143 1002 5188 nura
1020 5119 1162 5192 lirreur
1189 5138 1314 5194 rantum
1323 5117 1509 5209 iuterieilur
1528 5119 1566 5186 fir
1591 5169 1601 5202 ,
1630 5142 1687 5190 nec
1707 5087 1822 5200 seiatru
1847 5136 1946 5198 aquo

435 5201 565 5296 ‘listri-
584 5205 682 5272 rbere
698 5207 811 5274 Metal.
830 5203 924 5271 Tum.
940 5199 995 5266 Vl.
1312 5257 1324 5280 ,
1491 5213 1494 5218 “
1555 5199 1584 5268 L
1624 5215 1640 5281 3
1868 5198 1907 5263 fit
