4584 5992
411 554 501 632 ας».
789 527 1468 607 ‘rostratas

359 631 444 700 ssine
476 644 540 695 noo
564 626 864 705 comprehenduntur
891 622 944 689 sub
961 624 1116 689 Constitu·

360 710 631 780 tioneciemenris
647 709 731 772 Vlll.
762 710 797 771 de
827 708 989 799 largitione
1008 727 1113 768 mune·
1433 718 1463 777 ς.
1504 706 1621 776 XXV,

358 787 1058 971 orsisii-⁶2·disertissimorum
1072 804 1115 928 r
1150 832 1195 891 »e
1215 826 1906 991 rppppppippggfeaagu.

359 974 411 1099 si:
423 955 730 1105 lffillllsllnl‘si
748 946 917 1107 lllllli
939 946 1117 1090 {illisis
1362 994 1487 1071 “der
1502 989 1698 1071 rieden·

361 1112 405 1179 ad*
423 1110 610 1177 Monasleria
630 1106 833 1184 Mummium,
856 1105 902 1168 sed
924 1108 1022 1171 solum
1037 1128 1116 1169 com·
1191 1103 1315 1169 Nomen
1337 1103 1522 1197 professionis
1550 1112 1635 1172 iuxta
1655 1105 1801 1173 Dotiorea
1822 1108 1910 1175 latis·

362 1191 525 1257 munibus.
543 1190 612 1253 Nec
628 1187 797 1253 subduntur
817 1189 871 1261 legi
893 1185 1036 1249 Trident.
1054 1184 1116 1248 sesi.
1153 1182 1255 1247 siniam
1275 1185 1366 1250 habet
1388 1185 1638 1262 significationem
1658 1231 1666 1249 .
1697 1189 1828 1253 Derivar
1851 1190 1910 1256 hoe

358 1294 388 1353 4.
414 1277 537 1336 vetanti
560 1266 714 1347 Religiosia
744 1272 914 1344 imprimere
944 1266 1036 1331 libros
1054 1263 1116 1328 sine
1154 1267 1334 1329 vocabulum
1355 1286 1371 1357 ,¹
1394 1264 1671 1358 verboprofireoffi
1705 1267 1784 1345 quod
1801 1268 1909 1333 multi·

361 1352 490 1417 licentia
518 1351 643 1415 l’raelati
674 1349 861 1430 Reprilariaj
891 1365 945 1410 nec
974 1344 1116 1421 prohibiti
1154 1345 1275 1419 pliciter
1295 1344 1427 1435 adhiberi
1444 1345 1552 1409 soleta
1575 1347 1712 1423 Latinis,
1733 1364 1838 1425 nempe
1854 1350 1909 1415 vei

361 1430 431 1497 sunt
448 1429 629 1508 appellare.
652 1428 699 1492 lta
720 1430 859 1493 Passerin.
883 1427 955 1490 Non
977 1428 1044 1490 sunt
1068 1443 1116 1489 ra·
1154 1444 1208 1514 pro
1223 1424 1429 1501 assumptione
1449 1427 1578 1489 alicuius
1598 1430 1751 1506 muneris,
1772 1432 1907 1495 maxime

359 1530 430 1576 rnen
444 1514 579 1582 exempti
597 1530 614 1574 a
632 1504 874 1584 reformatione,
903 1504 1002 1570 sinon
1022 1525 1062 1569 eir
1083 1509 1115 1599 vi
1153 1510 1174 1566 li
1191 1504 1248 1598 licie
1268 1523 1451 1598 exerceatur
1473 1527 1543 1598 crim
1559 1506 1665 1599 aliqua
1691 1505 1910 1602 puplica-solt·

359 1594 472 1657 ⁵⁰''⁰¹”
489 1637 497 1667 ‘
515 1584 1117 1745 l¹²s'‘²el?il²‘3lllssstill:
1152 1600 1289 1741 sullis}
1305 1584 1773 1742 iiil⁰0lll¹12⁵il22lzll
1793 1586 1910 1734 lillis

360 1671 436 1814 llil
455 1690 569 1828 ‚extolli
592 1687 740 1842 Niitslirios
762 1754 895 1813 maxime
921 1746 1028 1887 defleat
1047 1764 1117 1888 effas-
1152 1741 1403 1891 {rudentifftdto
1433 1745 1484 1808 vel
1508 1764 1563 1886 llll,
1591 1714 1820 1889 regificatffint'ei
1830 1763 1910 1839 ,ue

360 1827 814 1983 llssb‘sdl‘liililla
829 1846 972 1997 ilios
994 1845 1117 1981 asisii}
1153 1822 1725 1998 disdailisolsatissit?
1738 1923 1773 1969 n
1792 1837 1910 1981 „silli

360 1988 493 2054 eruenda
515 1989 601 2063 sunt,
621 2007 688 2063 quae
707 2009 724 2051 a
745 1992 808 2050 iure
830 1982 1031 2063 Regularrbus
1050 2004 1115 2059 pro·
1154 1985 1386 2061 tesliliearerur;
1408 1984 1458 2047 vel
1480 2005 1533 2058 pro
1556 1983 1672 2057 publiea
1695 1982 1911 2069 confeffione,

251 2120 255 2126 .
360 2069 459 2134 hibita
481 2066 550 2132 sunt
570 2088 610 2132 es
629 2076 659 2131 sii
679 2069 786 2152 proprii
805 2065 917 2140 slatus,
931 2064 964 2129 dr
986 2067 1115 2140 propriae
1153 2066 1186 2132 ἃ
1209 2064 1247 2128 sic
1263 2084 1280 2127 a
1296 2062 1382 2126 Trid.
1399 2062 1538 2127 Concilio
1555 2067 1644 2134 preci
1668 2072 1732 2129 itur
1753 2112 1763 2143 ,
1789 2084 1824 2131 ut
1853 2068 1911 2131 ali·

362 2149 515 2227 Regula,
536 2167 596 2212 noo
619 2165 722 2211 tamen
743 2146 795 2210 suli
816 2164 906 2221 poena
922 2145 1118 2208 censurarum
1174 2144 1275 2209 uando
1290 2141 1344 2206 fiat
1365 2143 1434 2205 fidei
1452 2139 1614 2221 professio,
1646 2162 1684 2207 eu
1703 2142 1774 2208 fidei
1794 2143 1912 2212 confes·

360 2227 569 2306 impositariim
589 2245 697 2291 contra
726 2224 894 2313 Religiolor
923 2223 1118 2304 transgresso·
1153 2168 1214 2303 ξος
1234 2222 1269 2289 dr
1289 2221 1378 2286 docet
1399 2221 1437 2284 D.
1460 2221 1574 2285 Tliom.
1595 2241 1624 2284 a.
1646 2241 1683 2317 a.¹
1701 2245 1729 2301 q.
1754 2225 1820 2304 184
1844 2244 1902 2292 art.

306 2333 309 2339 ·
361 2327 409 2371 res
433 2354 442 2381 ‚
468 2306 548 2374 &si
579 2306 745 2369 abslineant
771 2324 900 2369 veniunt
927 2306 1071 2381 puniendi
1100 2323 1117 2366 a
1155 2325 1182 2383 5.
1208 2300 1417 2379 professionem
1447 2300 1512 2366 lieri
1540 2325 1611 2367 euin
1640 2304 1746 2380 aliqua
1769 2307 1910 2371 solemni·

359 2387 494 2451 Praelato
523 2388 668 2467 Regulari
692 2403 847 2463 tamquam
880 2384 1004 2463 regula
1022 2380 1117 2449 trans·
1155 2402 1222 2449 tate
1238 2381 1276 2446 ab
1298 2380 1447 2459 Episcopis
1468 2385 1498 2445 in
1519 2403 1626 2447 eorum
1644 2383 1849 2459 assumptione
1867 2387 1905 2452 ad

252 2494 260 2505 ·
363 2466 526 2547 greslorea.
591 2480 638 2514 ,·
1155 2459 1472 2540 Episcopalemunus,
1499 2484 1559 2540 qua
1576 2462 1693 2540 publice
1714 2459 1908 2533 fatenturac

404 2547 515 2620 Aliqua
544 2547 716 2627 specialiter
747 2546 848 2610 verita
878 2542 948 2611 sunt
976 2544 1117 2608 Novitiir
1155 2540 1403 2609 teslilicanturfe
1424 2541 1506 2606 velle
1531 2549 1637 2608 munia
1667 2542 1853 2622 Episcopalia
1874 2543 1913 2611 fi·

361 2646 427 2703 cap.
460 2629 545 2694 Nais.
571 2632 607 2694 de
633 2630 714 2694 eresi.
742 2629 773 2689 iii
797 2628 827 2689 6.
861 2646 969 2703 nempe
988 2628 1059 2704 eligi
1081 2622 1118 2687 ad
1154 2625 1263 2688 delites
1281 2640 1452 2687 exercere.
1483 2623 1589 2699 Quare
1611 2644 1650 2688 eir
1672 2624 1695 2688 sl
1719 2625 1750 2690 lo
1765 2626 1910 2693 Ecclesiae

363 2708 546 2773 Praelarorar
570 2717 602 2772 in
624 2729 659 2772 ea
685 2706 848 2784 Religione
869 2754 878 2782 ,
903 2710 1013 2782 inqua
1034 2725 1118 2767 eirer·
1156 2725 1265 2770 nornen
1284 2698 1470 2796 professionis
1487 2708 1672 2797 assumptum
1693 2645 1751 2771 siit
1767 2705 1806 2772 ad
1821 2703 1912 2785 ligni·

362 2792 664 2933 iilzslzsilll’·
685 2785 1120 2931 lssll‘lliltllllisiss
1155 2784 1304 2933 lillis
1325 2781 1913 2945 slsilsllzslsllll'll'ds

363 2950 479 3010 tiarum
494 2949 683 3012 contrahunt
706 2946 940 3012 Matrimonium
960 2967 1023 3021 cap
1044 2949 1119 3011 coa·
1155 2914 1359 3014 eonsecrat’&
1380 2948 1474 3014 donat
1491 2951 1522 3010 iri
1542 2949 1646 3026 aliquo
1666 2946 1834 3027 approbato
1849 2945 1913 3013 Re·

360 3022 464 3105 saltas
485 3049 496 3102 ,·
526 3028 616 3093 Stant
634 3032 664 3089 in
686 3028 825 3103 iuditio,
849 3021 898 3088 sed
926 3030 957 3089 in
978 3026 1036 3090 lioc
1059 3047 1120 3091 oon
1158 3027 1264 3108 ligioso
1288 3030 1434 3105 Ordine,
1462 3030 1634 3093 emittendo
1650 3033 1707 3094 tria
1729 3046 1807 3094 vota
1828 3028 1913 3092 Reli·

361 3105 501 3183 indigent
524 3111 648 3173 licentia
664 3107 832 3183 Superioris
849 3125 883 3170 ut
905 3108 1005 3170 valide
1022 3106 1117 3171 slent.
1175 3112 1251 3174 ionia
1272 3107 1507 3187 substantialia,
1538 3107 1588 3174 seu
1607 3109 1800 3175 essentialia.
1828 3109 1913 3171 Con·

362 3184 498 3275 Siceum
518 3188 649 3261 pluribus
671 3184 825 3277 Canonisl.
843 3184 1034 3265 Faenmaex
1053 3209 1119 3277 cap.
1155 3131 1287 3254 ferratos
1312 3187 1379 3253 Deo
1406 3210 1460 3266 per
1485 3188 1565 3254 liunc
1590 3191 1684 3255 talem
1706 3186 1805 3275 aslum
1833 3187 1911 3282 sacri

363 3264 505 3347 Resrgrofi
519 3275 546 3335 §.
563 3288 702 3348 quamvis
715 3267 894 3348 delenierat.
911 3285 1117 3352 excommunrc.
1155 3269 1298 3334 Canones
1319 3284 1433 3332 vocant
1450 3266 1567 3346 semper
1587 3269 1722 3335 absolute
1742 3270 1796 3340 sub
1815 3288 1912 3333 nomi·

364 3342 443 3408 Item
464 3365 521 3411 nec
542 3350 645 3414 valide
666 3368 722 3412 nee
743 3348 828 3411 licite
858 3368 976 3412 vovere
1000 3352 1119 3423 possunt
1156 3369 1196 3414 ne
1213 3345 1435 3428 generaliffimo
1459 3351 1517 3414 Pro
1530 3347 1622 3430 effes,
1652 3350 1685 3415 dc
1715 3349 1814 3413 aslum
1832 3349 1913 3415 liunt

363 3427 397 3486 iri
419 3428 623 3502 praeiudieium
645 3427 802 3505 Regularis
829 3425 1065 3506 observantie,
1099 3424 1120 3489 si
1156 3427 1344 3509 significant,
1366 3430 1484 3506 quando
1519 3427 1912 3506 sprosessronetot‚tan·

363 3503 467 3569 velint
495 3527 698 3589 permanere,
723 3514 796 3586 quia
828 3526 903 3573 tune
933 3526 1042 3573 vorum
1059 3528 1120 3572 non
1157 3527 1247 3585 taque
1266 3508 1656 3574 observanda&eavenda
1674 3509 1831 3574 statuunt.

363 3581 406 3647 esl
427 3585 465 3648 de
484 3589 601 3653 meliori
621 3588 730 3654 bono.
770 3587 907 3652 Tenerer
931 3606 1034 3653 tamen
1064 3608 1120 3652 vo·
1195 3590 1365 3653 Solemnem
1392 3608 1426 3652 ac
1455 3588 1604 3664 publicam
1628 3589 1833 3655 Monaslicam
1857 3588 1910 3653 be·

363 3664 525 3739 tum,sre
546 3668 703 3749 Religione
724 3671 964 3747 egrederentur.
990 3667 1067 3731 leem
1090 3672 1120 3729 in
1156 3668 1357 3734 nedisiionem
1382 3671 1476 3731 variis
1513 3669 1620 3733 ritibus
1649 3689 1684 3734 ae
1715 3671 1908 3734 caerenioniia

362 3743 400 3805 iia
416 3763 485 3818 quae
500 3747 615 3812 cadunt
634 3744 687 3813 sub
704 3746 906 3811 iurisdidlione
921 3746 1045 3811 Prolati
1064 3748 1121 3810 Re·
1156 3747 1301 3812 pellitam
1327 3753 1357 3810 in
1389 3745 1569 3822 professione
1597 3749 1732 3813 adhiberi
1758 3748 1908 3825 inlitam,

362 3821 476 3903 gularis
496 3843 673 3905 nequeunt,
691 3845 729 3889 eo
748 3832 851 3892 invito
864 3841 917 3889 aut
937 3823 1062 3904 inscio,
1091 3825 1121 3889 se
1155 3828 1245 3891 aliam
1271 3832 1335 3893 vim
1362 3846 1425 3891 non
1454 3828 1564 3893 habere
1591 3850 1684 3904 quain
1705 3827 1797 3894 habet
1820 3828 1909 3904 supra

363 3900 509 3967 stibiicere
529 3905 715 3983 Ordinario,
737 3911 806 3981 quia
828 3905 896 3971 sunt
918 3903 970 3972 sub
990 3906 1119 3979 potesla-
1155 3908 1300 3985 populum
1319 3907 1490 3971 Sacerdotis
1503 3913 1632 3981 oratio,
1652 3906 1752 3973 visum
1770 3912 1833 3973 iam
1849 3910 1912 3986 pri·

359 3997 396 4048 te
424 3984 550 4052 Praelati
581 3986 765 4065 Regulam.
797 3983 938 4053 Tandem
964 4006 1004 4051 tar
1032 3984 1118 4050 Trid.
1153 3987 1222 4049 dem
1243 3983 1300 4051 fuit
1321 3988 1350 4050 S
1374 3985 1481 4051 Yvoni
1501 3985 1683 4053 carnotensi
1703 4034 1711 4051 .
1732 3988 1825 4054 Hanc
1844 4006 1912 4065 pro·

363 4059 498 4142 sesii‘as.
521 4088 588 4144 cap.
615 4069 664 4131 16.
690 4065 728 4130 dr
754 4066 784 4137 R
815 4066 893 4129 usar.
924 4064 1120 4141 prohibentur
1154 4064 1310 4130 sessionem
1331 4075 1383 4132 seu
1404 4068 1557 4139 publicam
1578 4069 1801 4144 solemnemque
1821 4068 1912 4133 bene·

362 4142 435 4217 quid
449 4147 523 4209 dare
539 4147 575 4209 de
592 4146 650 4213 suis
667 4147 752 4211 bonis
802 4142 954 4211 onaslerio
970 4169 1023 4221 pro
1040 4163 1120 4209 tem·
1153 4146 1317 4211 didlionem
1341 4151 1384 4212 air
1414 4143 1503 4214 fuisse
1526 4154 1665 4227 ignotam
1693 4147 1724 4210 S.
1752 4150 1912 4213 Antonio.

363 4239 438 4298 pore
463 4224 650 4292 Novitiarua
679 4243 792 4301 praerer
822 4223 937 4291 vidoni
964 4225 1000 4292 ἀ
1032 4222 1120 4291 vesli-
1154 4226 1268 4290 Verum
1286 4228 1499 4305 multiplicato
1529 4228 1714 4305 poslmodum
1738 4227 1912 4295 Monachu-

362 4317 450 4364 turn.
473 4302 521 4367 Sic
543 4305 652 4369 Passer.
674 4306 792 4370 Donat.
808 4304 842 4370 ὰ
859 4307 912 4369 alii
935 4348 942 4365 .
963 4305 1119 4371 Haecine·
1155 4328 1223 4371 rom
1238 4325 1329 4385 grege
1346 4304 1466 4370 indosla
1484 4303 1543 4371 soit
1560 4328 1600 4373 ex
1621 4308 1755 4387 quadani
1768 4309 1914 4383 cautela,

363 4378 423 4442 lius
442 4382 540 4447 videri
569 4385 690 4456 possunt
719 4390 751 4447 in
780 4386 922 4450 sezaana
944 4432 954 4460 ,
978 4385 1121 4466 eeiiiza,
1156 4402 1314 4460 tamquam
1330 4386 1498 4466 Religionis
1520 4390 1679 4453 vinculum
1693 4387 1839 4454 liumanae
1856 4383 1915 4452 fra·

363 4459 522 4541 scyrion,
557 4462 712 4528 Bordooio
728 4509 738 4542 ‚
756 4464 925 4541 Passerino,
946 4464 1120 4550 Rotliario,
1153 4466 1272 4546 gilitari
1290 4464 1460 4539 provisum.
1482 4465 1530 4530 Ira
1546 4467 1575 4531 S.
1596 4466 1672 4533 Yro
1691 4467 1776 4543 episi.
1798 4488 1850 4548 4¹·

360 4543 415 4681 aui
451 4544 615 4614 materiato
650 4540 728 4609 hant
749 4562 809 4611 vtir
849 4542 984 4623 professo
1019 4562 1121 4624 petra*
1192 4544 1267 4621 Qio
1287 4561 1427 4622 tempore
1451 4550 1603 4621 ceperint
1636 4548 1683 4618 lias
1708 4546 1911 4614 Monachalaa

392 4633 469 4685 ant.
1153 4621 1455 4702 beneditionem
1475 4623 1663 4703 professionis
1683 4630 1762 4693 sitos
1782 4637 1914 4706 primun

446 4729 449 4736 ·
979 4733 981 4737 ·
1154 4703 1324 4769 invaluerit
1338 4752 1347 4781 ,
1362 4710 1513 4772 intertum
1528 4707 1593 4772 ess.
1614 4708 1707 4772 Ritus
1723 4707 1914 4787 professionis

1155 4780 1286 4847 babetur
1305 4787 1337 4847 in
1356 4784 1476 4867 Regula
1496 4788 1527 4850 S.
1543 4785 1697 4851 Benedisli
1719 4810 1783 4853 non
1799 4788 1916 4855 absimi-

1155 4862 1191 4928 lia
1212 4861 1322 4943 aliea,
1343 4886 1412 4943 que
1433 4888 1515 4933 nunc
1531 4871 1563 4933 in
1579 4866 1694 4933 usuest
1715 4864 1916 4949 passimam

1152 4943 1469 5025 ornnesReligioriea,
1484 4945 1506 5010 si
1523 4950 1641 5024 aliquas
1657 4971 1761 5026 preces
1778 4950 1832 5017 seu
1845 4965 1916 5014 ora·

1155 5025 1256 5087 tiones
1280 5073 1289 5098 ,
1309 5046 1383 5101 quas
1439 5027 1545 5092 sierior
1561 5047 1638 5094 aetas
1656 5032 1772 5097 addidit
1793 5046 1815 5107 ,’
1829 5029 1913 5095 tati·

1154 5048 1596 5183 pianadtmgoMtdffi*
1616 5110 1914 5257 kgularsffim

1842 5211 1874 5257 o-
