<?xml version="1.0" encoding="UTF-8"?>
<!DOCTYPE html PUBLIC "-//W3C//DTD XHTML 1.0 Transitional//EN"
    "http://www.w3.org/TR/xhtml1/DTD/xhtml1-transitional.dtd">
<html xmlns="http://www.w3.org/1999/xhtml" xml:lang="en" lang="en">
 <head>
  <title>
</title>
<meta http-equiv="Content-Type" content="text/html;charset=utf-8" />
  <meta name='ocr-system' content='tesseract 3.04.00' />
  <meta name='ocr-capabilities' content='ocr_page ocr_carea ocr_par ocr_line ocrx_word'/>
</head>
<body>
  <div class='ocr_page' id='page_1' title='image "./institutionesth01boragoog_0159.png"; bbox 0 0 4584 5992; ppageno 0'>
   <div class='ocr_carea' id='block_1_1' title="bbox 287 539 1896 1532">
    <p class='ocr_par' dir='ltr' id='par_1_1' title="bbox 580 539 1733 624">
     <span class='ocr_line' id='line_1_1' title="bbox 580 539 1733 624; baseline 0.003 -12"><span class='ocrx_word' id='word_1_1' title='bbox 580 539 1487 617; x_wconf 74' lang='lat' dir='ltr'>&#39;oa-CauauuisCat.Ill.</span> <span class='ocrx_word' id='word_1_2' title='bbox 1717 569 1733 624; x_wconf 85' lang='lat' dir='ltr'>i</span> 
     </span>
    </p>

    <p class='ocr_par' dir='ltr' id='par_1_2' title="bbox 287 636 1845 716">
     <span class='ocr_line' id='line_1_2' title="bbox 287 636 1845 716; baseline 0.004 -10"><span class='ocrx_word' id='word_1_3' title='bbox 287 642 389 709; x_wconf 82' lang='lat' dir='ltr'>oinoie</span> <span class='ocrx_word' id='word_1_4' title='bbox 409 636 570 705; x_wconf 82' lang='lat' dir='ltr'>rationalis</span> <span class='ocrx_word' id='word_1_5' title='bbox 589 656 753 716; x_wconf 85' lang='lat' dir='ltr'>creatura,</span> <span class='ocrx_word' id='word_1_6' title='bbox 776 658 810 702; x_wconf 89' lang='lat' dir='ltr'>ut</span> <span class='ocrx_word' id='word_1_7' title='bbox 827 638 914 707; x_wconf 87' lang='lat' dir='ltr'>docet</span> <span class='ocrx_word' id='word_1_8' title='bbox 932 638 960 701; x_wconf 84' lang='lat' dir='ltr'>S.</span> <span class='ocrx_word' id='word_1_9' title='bbox 980 641 1045 702; x_wconf 83' lang='lat' dir='ltr'>An·</span> <span class='ocrx_word' id='word_1_10' title='bbox 1081 638 1137 704; x_wconf 88' lang='lat' dir='ltr'>boc</span> <span class='ocrx_word' id='word_1_11' title='bbox 1157 636 1216 703; x_wconf 84' lang='lat' dir='ltr'>fuit</span> <span class='ocrx_word' id='word_1_12' title='bbox 1238 640 1441 706; x_wconf 75' lang='lat' dir='ltr'>aBeoediiio</span> <span class='ocrx_word' id='word_1_13' title='bbox 1460 640 1545 707; x_wconf 82' lang='lat' dir='ltr'>xiii.</span> <span class='ocrx_word' id='word_1_14' title='bbox 1568 643 1599 706; x_wconf 92' lang='lat' dir='ltr'>ln</span> <span class='ocrx_word' id='word_1_15' title='bbox 1615 642 1666 707; x_wconf 88' lang='lat' dir='ltr'>sua</span> <span class='ocrx_word' id='word_1_16' title='bbox 1686 663 1759 709; x_wconf 90' lang='lat' dir='ltr'>ante</span> <span class='ocrx_word' id='word_1_17' title='bbox 1777 648 1845 716; x_wconf 86' lang='lat' dir='ltr'>lau·</span> 
     </span>
    </p>

    <p class='ocr_par' dir='ltr' id='par_1_3' title="bbox 310 718 1842 810">
     <span class='ocr_line' id='line_1_3' title="bbox 310 718 1842 810; baseline 0.003 -23"><span class='ocrx_word' id='word_1_18' title='bbox 310 719 366 787; x_wconf 82' lang='lat' dir='ltr'>usi.</span> <span class='ocrx_word' id='word_1_19' title='bbox 384 741 450 795; x_wconf 85' lang='lat' dir='ltr'>cap.</span> <span class='ocrx_word' id='word_1_20' title='bbox 475 734 519 800; x_wconf 70' lang='grc' dir='ltr'>ις.</span> <span class='ocrx_word' id='word_1_21' title='bbox 549 719 587 784; x_wconf 85' lang='lat' dir='ltr'>de</span> <span class='ocrx_word' id='word_1_22' title='bbox 610 719 698 784; x_wconf 76' lang='lat' dir='ltr'>dolii.</span> <span class='ocrx_word' id='word_1_23' title='bbox 727 718 828 799; x_wconf 77' lang='lat' dir='ltr'>christ.</span> <span class='ocrx_word' id='word_1_24' title='bbox 861 718 918 781; x_wconf 89' lang='lat' dir='ltr'>llle</span> <span class='ocrx_word' id='word_1_25' title='bbox 940 735 1045 782; x_wconf 89' lang='lat' dir='ltr'>autem</span> <span class='ocrx_word' id='word_1_26' title='bbox 1080 721 1153 810; x_wconf 75' lang='lat' dir='ltr'>data</span> <span class='ocrx_word' id='word_1_27' title='bbox 1173 720 1425 792; x_wconf 83' lang='lat' dir='ltr'>Constitutione,</span> <span class='ocrx_word' id='word_1_28' title='bbox 1443 744 1514 798; x_wconf 84' lang='lat' dir='ltr'>quae.</span> <span class='ocrx_word' id='word_1_29' title='bbox 1529 726 1634 799; x_wconf 80' lang='lat' dir='ltr'>incipit</span> <span class='ocrx_word' id='word_1_30' title='bbox 1651 729 1788 804; x_wconf 72' lang='lat' dir='ltr'>aequo,</span> <span class='ocrx_word' id='word_1_31' title='bbox 1806 721 1842 794; x_wconf 81' lang='lat' dir='ltr'>dt</span> 
     </span>
    </p>

    <p class='ocr_par' dir='ltr' id='par_1_4' title="bbox 290 798 1865 961">
     <span class='ocr_line' id='line_1_4' title="bbox 310 798 1865 882; baseline 0.003 -16"><span class='ocrx_word' id='word_1_32' title='bbox 310 805 405 867; x_wconf 90' lang='lat' dir='ltr'>icitur</span> <span class='ocrx_word' id='word_1_33' title='bbox 417 819 464 862; x_wconf 80' lang='lat' dir='ltr'>ex</span> <span class='ocrx_word' id='word_1_34' title='bbox 477 799 619 876; x_wconf 80' lang='lat' dir='ltr'>insidiis,</span> <span class='ocrx_word' id='word_1_35' title='bbox 646 800 680 864; x_wconf 81' lang='lat' dir='ltr'>dt</span> <span class='ocrx_word' id='word_1_36' title='bbox 701 800 866 876; x_wconf 86' lang='lat' dir='ltr'>proditorie</span> <span class='ocrx_word' id='word_1_37' title='bbox 887 798 1046 875; x_wconf 89' lang='lat' dir='ltr'>occidere,</span> <span class='ocrx_word' id='word_1_38' title='bbox 1079 800 1244 863; x_wconf 87' lang='lat' dir='ltr'>concordat</span> <span class='ocrx_word' id='word_1_39' title='bbox 1259 822 1324 876; x_wconf 86' lang='lat' dir='ltr'>cap.</span> <span class='ocrx_word' id='word_1_40' title='bbox 1347 803 1403 865; x_wconf 81' lang='lat' dir='ltr'>Pro</span> <span class='ocrx_word' id='word_1_41' title='bbox 1421 800 1550 865; x_wconf 80' lang='lat' dir='ltr'>bumana</span> <span class='ocrx_word' id='word_1_42' title='bbox 1581 803 1780 882; x_wconf 73' lang='lat' dir='ltr'>redemptione</span> <span class='ocrx_word' id='word_1_43' title='bbox 1813 817 1865 870; x_wconf 89' lang='lat' dir='ltr'>i.&#39;</span> 
     </span>
     <span class='ocr_line' id='line_1_5' title="bbox 290 876 1844 961; baseline 0.001 -13"><span class='ocrx_word' id='word_1_44' title='bbox 290 884 343 959; x_wconf 80' lang='lat' dir='ltr'>qui</span> <span class='ocrx_word' id='word_1_45' title='bbox 363 884 522 944; x_wconf 88' lang='lat' dir='ltr'>incautum</span> <span class='ocrx_word' id='word_1_46' title='bbox 546 881 620 943; x_wconf 87' lang='lat' dir='ltr'>nihil</span> <span class='ocrx_word' id='word_1_47' title='bbox 648 879 711 944; x_wconf 87' lang='lat' dir='ltr'>tale</span> <span class='ocrx_word' id='word_1_48' title='bbox 741 896 970 954; x_wconf 80' lang='lat' dir='ltr'>precaventem</span> <span class='ocrx_word' id='word_1_49' title='bbox 990 894 1045 942; x_wconf 89' lang='lat' dir='ltr'>aut</span> <span class='ocrx_word' id='word_1_50' title='bbox 1079 879 1114 944; x_wconf 84' lang='lat' dir='ltr'>de</span> <span class='ocrx_word' id='word_1_51' title='bbox 1135 876 1287 944; x_wconf 71' lang='lat' dir='ltr'>homicidio</span> <span class='ocrx_word' id='word_1_52' title='bbox 1306 883 1338 942; x_wconf 92' lang='lat' dir='ltr'>in</span> <span class='ocrx_word' id='word_1_53' title='bbox 1368 881 1397 942; x_wconf 88' lang='lat'>6.</span> <span class='ocrx_word' id='word_1_54' title='bbox 1420 880 1615 946; x_wconf 80' lang='lat' dir='ltr'>Aliallinium</span> <span class='ocrx_word' id='word_1_55' title='bbox 1630 885 1694 961; x_wconf 85' lang='lat' dir='ltr'>cll,</span> <span class='ocrx_word' id='word_1_56' title='bbox 1715 884 1746 950; x_wconf 82' lang='lat' dir='ltr'>dt</span> <span class='ocrx_word' id='word_1_57' title='bbox 1764 884 1844 950; x_wconf 89' lang='lat' dir='ltr'>dici·</span> 
     </span>
    </p>

    <p class='ocr_par' dir='ltr' id='par_1_5' title="bbox 292 954 1858 1117">
     <span class='ocr_line' id='line_1_6' title="bbox 292 954 1858 1041; baseline 0.003 -15"><span class='ocrx_word' id='word_1_58' title='bbox 292 978 469 1038; x_wconf 71' lang='lat' dir='ltr'>praecavere</span> <span class='ocrx_word' id='word_1_59' title='bbox 497 957 654 1024; x_wconf 83' lang='lat' dir='ltr'>debentem</span> <span class='ocrx_word' id='word_1_60' title='bbox 674 958 805 1035; x_wconf 80' lang='lat' dir='ltr'>occidit,</span> <span class='ocrx_word' id='word_1_61' title='bbox 831 973 866 1022; x_wconf 89' lang='lat' dir='ltr'>ut</span> <span class='ocrx_word' id='word_1_62' title='bbox 884 955 904 1019; x_wconf 91' lang='lat' dir='ltr'>si</span> <span class='ocrx_word' id='word_1_63' title='bbox 925 954 1045 1022; x_wconf 84' lang='lat' dir='ltr'>occidat</span> <span class='ocrx_word' id='word_1_64' title='bbox 1081 977 1156 1033; x_wconf 91' lang='lat' dir='ltr'>tut,</span> <span class='ocrx_word' id='word_1_65' title='bbox 1176 959 1298 1034; x_wconf 90' lang='lat' dir='ltr'>quando</span> <span class='ocrx_word' id='word_1_66' title='bbox 1315 978 1370 1035; x_wconf 89' lang='lat' dir='ltr'>pro</span> <span class='ocrx_word' id='word_1_67' title='bbox 1393 965 1516 1035; x_wconf 90' lang='lat' dir='ltr'>pecunia</span> <span class='ocrx_word' id='word_1_68' title='bbox 1534 981 1588 1024; x_wconf 89' lang='lat' dir='ltr'>aut</span> <span class='ocrx_word' id='word_1_69' title='bbox 1609 964 1669 1027; x_wconf 87' lang='lat' dir='ltr'>alia</span> <span class='ocrx_word' id='word_1_70' title='bbox 1689 984 1721 1026; x_wconf 88' lang='lat' dir='ltr'>re</span> <span class='ocrx_word' id='word_1_71' title='bbox 1737 968 1858 1041; x_wconf 86' lang='lat' dir='ltr'>pretio-</span> 
     </span>
     <span class='ocr_line' id='line_1_7' title="bbox 292 1036 1841 1117; baseline 0 -12"><span class='ocrx_word' id='word_1_72' title='bbox 292 1041 424 1117; x_wconf 86' lang='lat' dir='ltr'>aliquem</span> <span class='ocrx_word' id='word_1_73' title='bbox 444 1086 454 1114; x_wconf 89' lang='lat'>,</span> <span class='ocrx_word' id='word_1_74' title='bbox 478 1060 551 1104; x_wconf 91' lang='lat' dir='ltr'>cum</span> <span class='ocrx_word' id='word_1_75' title='bbox 573 1060 633 1117; x_wconf 83' lang='lat' dir='ltr'>quo</span> <span class='ocrx_word' id='word_1_76' title='bbox 650 1041 817 1104; x_wconf 78' lang='lat' dir='ltr'>amicitiam</span> <span class='ocrx_word' id='word_1_77' title='bbox 842 1055 896 1102; x_wconf 87' lang='lat' dir='ltr'>aut</span> <span class='ocrx_word' id='word_1_78' title='bbox 917 1036 1046 1101; x_wconf 84' lang='lat' dir='ltr'>locieta·</span> <span class='ocrx_word' id='word_1_79' title='bbox 1080 1036 1248 1103; x_wconf 74' lang='lat' dir='ltr'>aestimabili</span> <span class='ocrx_word' id='word_1_80' title='bbox 1270 1056 1395 1113; x_wconf 87' lang='lat' dir='ltr'>accepta</span> <span class='ocrx_word' id='word_1_81' title='bbox 1422 1041 1471 1102; x_wconf 87' lang='lat' dir='ltr'>vel</span> <span class='ocrx_word' id='word_1_82' title='bbox 1500 1040 1641 1113; x_wconf 79' lang='lat' dir='ltr'>promissa</span> <span class='ocrx_word' id='word_1_83' title='bbox 1669 1046 1841 1108; x_wconf 76' lang='lat' dir='ltr'>committi·</span> 
     </span>
    </p>

    <p class='ocr_par' dir='ltr' id='par_1_6' title="bbox 292 1113 1842 1204">
     <span class='ocr_line' id='line_1_8' title="bbox 292 1113 1842 1204; baseline 0.002 -20"><span class='ocrx_word' id='word_1_84' title='bbox 292 1137 357 1184; x_wconf 90' lang='lat' dir='ltr'>tem</span> <span class='ocrx_word' id='word_1_85' title='bbox 377 1116 565 1198; x_wconf 76' lang='lat' dir='ltr'>simulabat,</span> <span class='ocrx_word' id='word_1_86' title='bbox 590 1117 645 1185; x_wconf 85' lang='lat' dir='ltr'>vel</span> <span class='ocrx_word' id='word_1_87' title='bbox 666 1113 687 1179; x_wconf 92' lang='lat' dir='ltr'>si</span> <span class='ocrx_word' id='word_1_88' title='bbox 704 1121 799 1183; x_wconf 89' lang='lat' dir='ltr'>etiam</span> <span class='ocrx_word' id='word_1_89' title='bbox 820 1119 974 1182; x_wconf 87' lang='lat' dir='ltr'>inimicum</span> <span class='ocrx_word' id='word_1_90' title='bbox 995 1136 1045 1179; x_wconf 89' lang='lat' dir='ltr'>oc·</span> <span class='ocrx_word' id='word_1_91' title='bbox 1082 1135 1133 1182; x_wconf 90' lang='lat' dir='ltr'>tur</span> <span class='ocrx_word' id='word_1_92' title='bbox 1153 1117 1364 1181; x_wconf 86' lang='lat' dir='ltr'>homicidium.</span> <span class='ocrx_word' id='word_1_93' title='bbox 1386 1116 1477 1181; x_wconf 87' lang='lat' dir='ltr'>Unde</span> <span class='ocrx_word' id='word_1_94' title='bbox 1494 1118 1637 1184; x_wconf 79' lang='lat' dir='ltr'>Assalsrni</span> <span class='ocrx_word' id='word_1_95' title='bbox 1659 1137 1731 1190; x_wconf 88' lang='lat' dir='ltr'>vete</span> <span class='ocrx_word' id='word_1_96' title='bbox 1749 1122 1842 1204; x_wconf 87' lang='lat' dir='ltr'>sunt,</span> 
     </span>
    </p>

    <p class='ocr_par' dir='ltr' id='par_1_7' title="bbox 290 1195 1843 1278">
     <span class='ocr_line' id='line_1_9' title="bbox 290 1195 1843 1278; baseline 0.001 -12"><span class='ocrx_word' id='word_1_97' title='bbox 290 1197 397 1278; x_wconf 90' lang='lat' dir='ltr'>cidat,</span> <span class='ocrx_word' id='word_1_98' title='bbox 416 1197 535 1276; x_wconf 84' lang='lat' dir='ltr'>quando</span> <span class='ocrx_word' id='word_1_99' title='bbox 555 1216 659 1263; x_wconf 88' lang='lat' dir='ltr'>tamen</span> <span class='ocrx_word' id='word_1_100' title='bbox 675 1219 746 1262; x_wconf 89' lang='lat' dir='ltr'>cuni</span> <span class='ocrx_word' id='word_1_101' title='bbox 762 1217 802 1261; x_wconf 89' lang='lat' dir='ltr'>eo</span> <span class='ocrx_word' id='word_1_102' title='bbox 828 1196 856 1261; x_wconf 90' lang='lat' dir='ltr'>se</span> <span class='ocrx_word' id='word_1_103' title='bbox 873 1195 1047 1260; x_wconf 87' lang='lat' dir='ltr'>reconcilia·</span> <span class='ocrx_word' id='word_1_104' title='bbox 1080 1196 1113 1262; x_wconf 86' lang='lat' dir='ltr'>dt</span> <span class='ocrx_word' id='word_1_105' title='bbox 1141 1198 1288 1261; x_wconf 84' lang='lat' dir='ltr'>dicuntur</span> <span class='ocrx_word' id='word_1_106' title='bbox 1314 1213 1379 1260; x_wconf 89' lang='lat' dir='ltr'>tam</span> <span class='ocrx_word' id='word_1_107' title='bbox 1406 1198 1449 1260; x_wconf 90' lang='lat' dir='ltr'>illi</span> <span class='ocrx_word' id='word_1_108' title='bbox 1471 1247 1482 1276; x_wconf 91' lang='lat'>,</span> <span class='ocrx_word' id='word_1_109' title='bbox 1510 1201 1562 1276; x_wconf 87' lang='lat' dir='ltr'>qui</span> <span class='ocrx_word' id='word_1_110' title='bbox 1583 1208 1683 1276; x_wconf 90' lang='lat' dir='ltr'>pretio</span> <span class='ocrx_word' id='word_1_111' title='bbox 1701 1201 1843 1269; x_wconf 76' lang='lat' dir='ltr'>condiidi</span> 
     </span>
    </p>

    <p class='ocr_par' dir='ltr' id='par_1_8' title="bbox 289 1274 1896 1532">
     <span class='ocr_line' id='line_1_10' title="bbox 289 1274 1896 1360; baseline 0 -14"><span class='ocrx_word' id='word_1_112' title='bbox 289 1296 411 1356; x_wconf 82' lang='lat' dir='ltr'>verat,</span> <span class='ocrx_word' id='word_1_113' title='bbox 440 1278 490 1343; x_wconf 85' lang='lat' dir='ltr'>vel</span> <span class='ocrx_word' id='word_1_114' title='bbox 508 1278 617 1342; x_wconf 90' lang='lat' dir='ltr'>laltem</span> <span class='ocrx_word' id='word_1_115' title='bbox 640 1275 669 1341; x_wconf 89' lang='lat' dir='ltr'>se</span> <span class='ocrx_word' id='word_1_116' title='bbox 691 1278 923 1342; x_wconf 88' lang='lat' dir='ltr'>reconciliatum</span> <span class='ocrx_word' id='word_1_117' title='bbox 950 1274 1047 1353; x_wconf 76' lang='lat' dir='ltr'>linge·</span> <span class='ocrx_word' id='word_1_118' title='bbox 1080 1278 1176 1342; x_wconf 88' lang='lat' dir='ltr'>alium</span> <span class='ocrx_word' id='word_1_119' title='bbox 1190 1276 1362 1355; x_wconf 90' lang='lat' dir='ltr'>occidunt,</span> <span class='ocrx_word' id='word_1_120' title='bbox 1389 1299 1479 1353; x_wconf 81' lang='lat' dir='ltr'>quam</span> <span class='ocrx_word' id='word_1_121' title='bbox 1509 1281 1558 1354; x_wconf 86' lang='lat' dir='ltr'>qul</span> <span class='ocrx_word' id='word_1_122' title='bbox 1589 1283 1723 1355; x_wconf 88' lang='lat' dir='ltr'>pretium</span> <span class='ocrx_word' id='word_1_123' title='bbox 1742 1281 1840 1360; x_wconf 86' lang='lat' dir='ltr'>dant,</span> <span class='ocrx_word' id='word_1_124' title='bbox 1891 1321 1896 1330; x_wconf 81' lang='lat'><em>-</em></span> 
     </span>
     <span class='ocr_line' id='line_1_11' title="bbox 290 1353 1846 1435; baseline 0.002 -12"><span class='ocrx_word' id='word_1_125' title='bbox 290 1359 374 1435; x_wconf 91' lang='lat' dir='ltr'>bat,</span> <span class='ocrx_word' id='word_1_126' title='bbox 405 1356 455 1421; x_wconf 87' lang='lat' dir='ltr'>vel</span> <span class='ocrx_word' id='word_1_127' title='bbox 477 1356 700 1434; x_wconf 74' lang='lat' dir='ltr'>promissionem</span> <span class='ocrx_word' id='word_1_128' title='bbox 720 1359 748 1419; x_wconf 90' lang='lat' dir='ltr'>ei</span> <span class='ocrx_word' id='word_1_129' title='bbox 779 1356 903 1420; x_wconf 75' lang='lat' dir='ltr'>dederat</span> <span class='ocrx_word' id='word_1_130' title='bbox 933 1354 970 1419; x_wconf 88' lang='lat' dir='ltr'>de</span> <span class='ocrx_word' id='word_1_131' title='bbox 993 1353 1046 1417; x_wconf 89' lang='lat' dir='ltr'>illo</span> <span class='ocrx_word' id='word_1_132' title='bbox 1082 1373 1135 1420; x_wconf 89' lang='lat' dir='ltr'>aut</span> <span class='ocrx_word' id='word_1_133' title='bbox 1154 1357 1346 1433; x_wconf 89' lang='lat' dir='ltr'>promittunt</span> <span class='ocrx_word' id='word_1_134' title='bbox 1362 1374 1398 1421; x_wconf 92' lang='lat' dir='ltr'>ut</span> <span class='ocrx_word' id='word_1_135' title='bbox 1419 1356 1674 1422; x_wconf 83' lang='lat' dir='ltr'>talisoccidatut.</span> <span class='ocrx_word' id='word_1_136' title='bbox 1693 1360 1740 1423; x_wconf 86' lang='lat' dir='ltr'>Sic</span> <span class='ocrx_word' id='word_1_137' title='bbox 1757 1382 1846 1426; x_wconf 66' lang='lat' dir='ltr'>cunm</span> 
     </span>
     <span class='ocr_line' id='line_1_12' title="bbox 291 1432 1843 1532; baseline 0.001 -31"><span class='ocrx_word' id='word_1_138' title='bbox 291 1457 355 1502; x_wconf 89' lang='lat' dir='ltr'>non</span> <span class='ocrx_word' id='word_1_139' title='bbox 370 1434 572 1516; x_wconf 68' lang='lat' dir='ltr'>offendendo,</span> <span class='ocrx_word' id='word_1_140' title='bbox 587 1436 659 1501; x_wconf 78' lang='lat' dir='ltr'>talia</span> <span class='ocrx_word' id='word_1_141' title='bbox 675 1432 716 1499; x_wconf 78' lang='lat' dir='ltr'>esi</span> <span class='ocrx_word' id='word_1_142' title='bbox 734 1436 888 1512; x_wconf 84' lang='lat' dir='ltr'>proditor,</span> <span class='ocrx_word' id='word_1_143' title='bbox 908 1444 977 1512; x_wconf 83' lang='lat' dir='ltr'>quia</span> <span class='ocrx_word' id='word_1_144' title='bbox 995 1452 1046 1511; x_wconf 86' lang='lat' dir='ltr'>pet</span> <span class='ocrx_word' id='word_1_145' title='bbox 1080 1440 1216 1501; x_wconf 85' lang='lat' dir='ltr'>munitet</span> <span class='ocrx_word' id='word_1_146' title='bbox 1233 1456 1294 1513; x_wconf 75' lang='lat' dir='ltr'>aig.</span> <span class='ocrx_word' id='word_1_147' title='bbox 1322 1456 1388 1509; x_wconf 82' lang='lat' dir='ltr'>cap·</span> <span class='ocrx_word' id='word_1_148' title='bbox 1414 1440 1467 1501; x_wconf 92' lang='lat' dir='ltr'>cit.</span> <span class='ocrx_word' id='word_1_149' title='bbox 1498 1438 1557 1532; x_wconf 70' lang='lat' dir='ltr'>Prp</span> <span class='ocrx_word' id='word_1_150' title='bbox 1580 1436 1710 1502; x_wconf 76' lang='lat' dir='ltr'>humana</span> <span class='ocrx_word' id='word_1_151' title='bbox 1730 1440 1843 1505; x_wconf 79' lang='lat' dir='ltr'>redem-</span> 
     </span>
    </p>
   </div>
   <div class='ocr_carea' id='block_1_2' title="bbox 290 1512 1958 1592">
    <p class='ocr_par' dir='ltr' id='par_1_9' title="bbox 290 1512 1958 1592">
     <span class='ocr_line' id='line_1_13' title="bbox 290 1512 1958 1592; baseline 0.001 -11"><span class='ocrx_word' id='word_1_152' title='bbox 290 1517 377 1582; x_wconf 89' lang='lat' dir='ltr'>illam</span> <span class='ocrx_word' id='word_1_153' title='bbox 412 1514 633 1583; x_wconf 79' lang='lat' dir='ltr'>simulationem</span> <span class='ocrx_word' id='word_1_154' title='bbox 671 1517 953 1592; x_wconf 76' lang='lat' dir='ltr'>reconciliationis,</span> <span class='ocrx_word' id='word_1_155' title='bbox 992 1529 1056 1576; x_wconf 88' lang='lat' dir='ltr'>aut·</span> <span class='ocrx_word' id='word_1_156' title='bbox 1076 1512 1394 1592; x_wconf 80' lang='lat' dir='ltr'>ptiontdebomi&#39;ridio</span> <span class='ocrx_word' id='word_1_157' title='bbox 1411 1519 1442 1578; x_wconf 89' lang='lat' dir='ltr'>iri</span> <span class='ocrx_word' id='word_1_158' title='bbox 1459 1518 1488 1577; x_wconf 86' lang='grc'>6.</span> <span class='ocrx_word' id='word_1_159' title='bbox 1508 1515 1616 1581; x_wconf 82' lang='lat' dir='ltr'>decit.</span> <span class='ocrx_word' id='word_1_160' title='bbox 1634 1516 1868 1592; x_wconf 54' lang='lat' dir='ltr'>constitutine¹</span> <span class='ocrx_word' id='word_1_161' title='bbox 1956 1561 1958 1566; x_wconf 91' lang='lat'><em>-</em></span> 
     </span>
    </p>
   </div>
   <div class='ocr_carea' id='block_1_3' title="bbox 290 1592 1838 1676">
    <p class='ocr_par' dir='ltr' id='par_1_10' title="bbox 290 1592 1838 1676">
     <span class='ocr_line' id='line_1_14' title="bbox 290 1592 1838 1676; baseline -0.001 -16"><span class='ocrx_word' id='word_1_162' title='bbox 290 1617 346 1676; x_wconf 88' lang='lat' dir='ltr'>pei</span> <span class='ocrx_word' id='word_1_163' title='bbox 363 1593 606 1674; x_wconf 82' lang='lat' dir='ltr'>ptomiffionem,</span> <span class='ocrx_word' id='word_1_164' title='bbox 627 1592 820 1660; x_wconf 88' lang='lat' dir='ltr'>securitatem</span> <span class='ocrx_word' id='word_1_165' title='bbox 836 1593 1045 1659; x_wconf 89' lang='lat' dir='ltr'>dandoinimi·</span> <span class='ocrx_word' id='word_1_166' title='bbox 1081 1613 1118 1656; x_wconf 89' lang='lat' dir='ltr'>ne</span> <span class='ocrx_word' id='word_1_167' title='bbox 1147 1594 1301 1658; x_wconf 76' lang='lat' dir='ltr'>Benedidl</span> <span class='ocrx_word' id='word_1_168' title='bbox 1333 1593 1418 1657; x_wconf 90' lang='lat' dir='ltr'>lllll.</span> <span class='ocrx_word' id='word_1_169' title='bbox 1447 1602 1475 1662; x_wconf 68' lang='grc' dir='ltr'>ς.</span> <span class='ocrx_word' id='word_1_170' title='bbox 1510 1617 1537 1673; x_wconf 87' lang='lat'>5.</span> <span class='ocrx_word' id='word_1_171' title='bbox 1565 1601 1595 1658; x_wconf 89' lang='lat' dir='ltr'>iii</span> <span class='ocrx_word' id='word_1_172' title='bbox 1620 1618 1680 1675; x_wconf 92' lang='lat' dir='ltr'>quo</span> <span class='ocrx_word' id='word_1_173' title='bbox 1706 1597 1838 1664; x_wconf 81' lang='lat' dir='ltr'>allatiini</span> 
     </span>
    </p>
   </div>
   <div class='ocr_carea' id='block_1_4' title="bbox 290 1671 2027 1835">
    <p class='ocr_par' dir='ltr' id='par_1_11' title="bbox 290 1671 2027 1835">
     <span class='ocr_line' id='line_1_15' title="bbox 290 1671 1973 1758; baseline 0.001 -16"><span class='ocrx_word' id='word_1_174' title='bbox 290 1679 348 1755; x_wconf 89' lang='lat' dir='ltr'>&#39;to,</span> <span class='ocrx_word' id='word_1_175' title='bbox 370 1675 440 1741; x_wconf 89' lang='lat' dir='ltr'>liuic</span> <span class='ocrx_word' id='word_1_176' title='bbox 456 1675 576 1740; x_wconf 83' lang='lat' dir='ltr'>sublata</span> <span class='ocrx_word' id='word_1_177' title='bbox 597 1674 657 1740; x_wconf 90' lang='lat' dir='ltr'>suit</span> <span class='ocrx_word' id='word_1_178' title='bbox 674 1677 776 1738; x_wconf 78' lang='lat' dir='ltr'>omnis</span> <span class='ocrx_word' id='word_1_179' title='bbox 791 1673 908 1740; x_wconf 85' lang='lat' dir='ltr'>occasio</span> <span class='ocrx_word' id='word_1_180' title='bbox 923 1673 953 1737; x_wconf 87' lang='lat' dir='ltr'>le</span> <span class='ocrx_word' id='word_1_181' title='bbox 973 1692 1044 1751; x_wconf 84' lang='lat' dir='ltr'>ptae·</span> <span class='ocrx_word' id='word_1_182' title='bbox 1080 1674 1258 1739; x_wconf 82' lang='lat' dir='ltr'>statuuntur</span> <span class='ocrx_word' id='word_1_183' title='bbox 1274 1671 1499 1741; x_wconf 77' lang='lat' dir='ltr'>mandantes&amp;</span> <span class='ocrx_word' id='word_1_184' title='bbox 1518 1676 1720 1755; x_wconf 77' lang='lat' dir='ltr'>mandatarii.</span> <span class='ocrx_word' id='word_1_185' title='bbox 1740 1678 1774 1744; x_wconf 83' lang='lat'>&amp;</span> <span class='ocrx_word' id='word_1_186' title='bbox 1794 1686 1849 1758; x_wconf 69' lang='lat' dir='ltr'>iim,</span> <span class='ocrx_word' id='word_1_187' title='bbox 1967 1685 1973 1696; x_wconf 79' lang='grc'><strong>“</strong></span> 
     </span>
     <span class='ocr_line' id='line_1_16' title="bbox 291 1751 2027 1835; baseline 0.002 -14"><span class='ocrx_word' id='word_1_188' title='bbox 291 1756 442 1822; x_wconf 82' lang='lat' dir='ltr'>cavendi.</span> <span class='ocrx_word' id='word_1_189' title='bbox 464 1754 512 1821; x_wconf 89' lang='lat' dir='ltr'>lta</span> <span class='ocrx_word' id='word_1_190' title='bbox 532 1753 768 1835; x_wconf 67' lang='lat' dir='ltr'>sadumlegitur</span> <span class='ocrx_word' id='word_1_191' title='bbox 788 1773 819 1815; x_wconf 79' lang='lat' dir='ltr'>a.</span> <span class='ocrx_word' id='word_1_192' title='bbox 842 1755 958 1832; x_wconf 83' lang='lat' dir='ltr'>Regum</span> <span class='ocrx_word' id='word_1_193' title='bbox 978 1771 1043 1827; x_wconf 89' lang='lat' dir='ltr'>cap.</span> <span class='ocrx_word' id='word_1_194' title='bbox 1082 1751 1334 1833; x_wconf 79' lang='lat' dir='ltr'>superstatuitut</span> <span class='ocrx_word' id='word_1_195' title='bbox 1355 1754 1510 1818; x_wconf 73' lang='lat' dir='ltr'>incedam</span> <span class='ocrx_word' id='word_1_196' title='bbox 1528 1754 1838 1828; x_wconf 56' lang='lat' dir='ltr'>Constitutionessm</span> <span class='ocrx_word' id='word_1_197' title='bbox 1914 1777 1923 1796; x_wconf 74' lang='lat'><strong><em>¹</em></strong></span> <span class='ocrx_word' id='word_1_198' title='bbox 2022 1791 2027 1801; x_wconf 85' lang='lat'><strong>·</strong></span> 
     </span>
    </p>
   </div>
   <div class='ocr_carea' id='block_1_5' title="bbox 226 1829 1941 3086">
    <p class='ocr_par' dir='ltr' id='par_1_12' title="bbox 226 1829 1941 3086">
     <span class='ocr_line' id='line_1_17' title="bbox 291 1829 1922 1918; baseline 0 -16"><span class='ocrx_word' id='word_1_199' title='bbox 291 1851 321 1918; x_wconf 68' lang='grc' dir='ltr'>ς.</span> <span class='ocrx_word' id='word_1_200' title='bbox 341 1837 375 1901; x_wconf 73' lang='lat' dir='ltr'>dt</span> <span class='ocrx_word' id='word_1_201' title='bbox 397 1855 444 1898; x_wconf 84' lang='lat' dir='ltr'>ao.</span> <span class='ocrx_word' id='word_1_202' title='bbox 476 1834 586 1901; x_wconf 85' lang='lat' dir='ltr'>aloab</span> <span class='ocrx_word' id='word_1_203' title='bbox 615 1856 684 1900; x_wconf 90' lang='lat' dir='ltr'>cum</span> <span class='ocrx_word' id='word_1_204' title='bbox 712 1833 828 1900; x_wconf 88' lang='lat' dir='ltr'>duobus</span> <span class='ocrx_word' id='word_1_205' title='bbox 858 1831 1046 1909; x_wconf 74' lang='lat' dir='ltr'>Principibus</span> <span class='ocrx_word' id='word_1_206' title='bbox 1080 1829 1498 1911; x_wconf 72' lang='lat' dir='ltr'>nedidlina,dtexplicatur</span> <span class='ocrx_word' id='word_1_207' title='bbox 1524 1836 1560 1899; x_wconf 92' lang='lat' dir='ltr'>ad</span> <span class='ocrx_word' id='word_1_208' title='bbox 1586 1835 1769 1918; x_wconf 73' lang='lat' dir='ltr'>assassinium</span> <span class='ocrx_word' id='word_1_209' title='bbox 1794 1860 1840 1903; x_wconf 84' lang='lat' dir='ltr'>re·</span> <span class='ocrx_word' id='word_1_210' title='bbox 1918 1877 1922 1884; x_wconf 93' lang='lat'>-</span> 
     </span>
     <span class='ocr_line' id='line_1_18' title="bbox 291 1909 1877 1996; baseline -0.002 -17"><span class='ocrx_word' id='word_1_211' title='bbox 291 1916 414 1982; x_wconf 68' lang='lat' dir='ltr'>militie</span> <span class='ocrx_word' id='word_1_212' title='bbox 435 1916 539 1981; x_wconf 78' lang='lat' dir='ltr'>Abner</span> <span class='ocrx_word' id='word_1_213' title='bbox 555 1913 589 1981; x_wconf 75' lang='grc' dir='ltr'><strong>ἅ</strong></span> <span class='ocrx_word' id='word_1_214' title='bbox 609 1911 719 1981; x_wconf 79' lang='lat' dir='ltr'>Amasa</span> <span class='ocrx_word' id='word_1_215' title='bbox 740 1959 747 1989; x_wconf 93' lang='lat'>,</span> <span class='ocrx_word' id='word_1_216' title='bbox 775 1932 850 1988; x_wconf 85' lang='lat' dir='ltr'>quos</span> <span class='ocrx_word' id='word_1_217' title='bbox 880 1909 933 1975; x_wconf 91' lang='lat' dir='ltr'>sub</span> <span class='ocrx_word' id='word_1_218' title='bbox 949 1910 1045 1991; x_wconf 90' lang='lat' dir='ltr'>specie</span> <span class='ocrx_word' id='word_1_219' title='bbox 1098 1915 1154 1976; x_wconf 83' lang='lat' dir='ltr'>uiri</span> <span class='ocrx_word' id='word_1_220' title='bbox 1180 1918 1311 1988; x_wconf 89' lang='lat' dir='ltr'>pretium</span> <span class='ocrx_word' id='word_1_221' title='bbox 1327 1913 1447 1986; x_wconf 77' lang='lat' dir='ltr'>aliquod</span> <span class='ocrx_word' id='word_1_222' title='bbox 1474 1930 1592 1979; x_wconf 85' lang='lat' dir='ltr'>certum</span> <span class='ocrx_word' id='word_1_223' title='bbox 1608 1914 1644 1980; x_wconf 75' lang='lat' dir='ltr'>dc</span> <span class='ocrx_word' id='word_1_224' title='bbox 1667 1914 1839 1993; x_wconf 74' lang='lat' dir='ltr'>specificam</span> <span class='ocrx_word' id='word_1_225' title='bbox 1856 1961 1877 1996; x_wconf 29' lang='grc' dir='ltr'>χ</span> 
     </span>
     <span class='ocr_line' id='line_1_19' title="bbox 289 1935 1941 2073; baseline 0.001 -13"><span class='ocrx_word' id='word_1_226' title='bbox 289 1991 387 2060; x_wconf 87' lang='lat' dir='ltr'>osculi</span> <span class='ocrx_word' id='word_1_227' title='bbox 409 1994 561 2073; x_wconf 72' lang='lat' dir='ltr'>praebendi</span> <span class='ocrx_word' id='word_1_228' title='bbox 590 1993 728 2060; x_wconf 87' lang='lat' dir='ltr'>occidit.</span> <span class='ocrx_word' id='word_1_229' title='bbox 760 1992 849 2055; x_wconf 84' lang='lat' dir='ltr'>Unde</span> <span class='ocrx_word' id='word_1_230' title='bbox 877 2014 893 2054; x_wconf 89' lang='lat' dir='ltr'>a</span> <span class='ocrx_word' id='word_1_231' title='bbox 923 1987 1044 2057; x_wconf 84' lang='lat' dir='ltr'>fortiori</span> <span class='ocrx_word' id='word_1_232' title='bbox 1079 1935 1129 2056; x_wconf 75' lang='lat' dir='ltr'>seu</span> <span class='ocrx_word' id='word_1_233' title='bbox 1144 1990 1403 2068; x_wconf 86' lang='lat' dir='ltr'>determinatum,</span> <span class='ocrx_word' id='word_1_234' title='bbox 1434 1995 1466 2055; x_wconf 89' lang='lat' dir='ltr'>in</span> <span class='ocrx_word' id='word_1_235' title='bbox 1484 1998 1614 2068; x_wconf 89' lang='lat' dir='ltr'>pecunia</span> <span class='ocrx_word' id='word_1_236' title='bbox 1633 1996 1683 2061; x_wconf 77' lang='lat' dir='ltr'>ael</span> <span class='ocrx_word' id='word_1_237' title='bbox 1701 1996 1771 2061; x_wconf 83' lang='lat' dir='ltr'>aliia</span> <span class='ocrx_word' id='word_1_238' title='bbox 1788 2018 1839 2064; x_wconf 89' lang='lat' dir='ltr'>re·</span> <span class='ocrx_word' id='word_1_239' title='bbox 1882 1999 1941 2049; x_wconf 40' lang='lat' dir='ltr'>N:-</span> 
     </span>
     <span class='ocr_line' id='line_1_20' title="bbox 292 2068 1875 2156; baseline 0.001 -18"><span class='ocrx_word' id='word_1_240' title='bbox 292 2075 460 2152; x_wconf 83' lang='lat' dir='ltr'>proditorie</span> <span class='ocrx_word' id='word_1_241' title='bbox 481 2074 676 2142; x_wconf 78' lang='lat' dir='ltr'>homicidium</span> <span class='ocrx_word' id='word_1_242' title='bbox 692 2076 860 2137; x_wconf 82' lang='lat' dir='ltr'>committit</span> <span class='ocrx_word' id='word_1_243' title='bbox 874 2119 883 2147; x_wconf 91' lang='lat'>,</span> <span class='ocrx_word' id='word_1_244' title='bbox 897 2074 945 2147; x_wconf 86' lang='lat' dir='ltr'>qui</span> <span class='ocrx_word' id='word_1_245' title='bbox 961 2069 1043 2133; x_wconf 89' lang='lat' dir='ltr'>nulla</span> <span class='ocrx_word' id='word_1_246' title='bbox 1078 2069 1326 2156; x_wconf 75' lang='lat' dir='ltr'>busconsistena,</span> <span class='ocrx_word' id='word_1_247' title='bbox 1345 2072 1379 2139; x_wconf 80' lang='lat' dir='ltr'>dt</span> <span class='ocrx_word' id='word_1_248' title='bbox 1397 2091 1458 2136; x_wconf 90' lang='lat' dir='ltr'>non</span> <span class='ocrx_word' id='word_1_249' title='bbox 1480 2068 1592 2138; x_wconf 84' lang='lat' dir='ltr'>sufficit</span> <span class='ocrx_word' id='word_1_250' title='bbox 1611 2076 1739 2142; x_wconf 75' lang='lat' dir='ltr'>inceiioe</span> <span class='ocrx_word' id='word_1_251' title='bbox 1762 2098 1838 2156; x_wconf 63' lang='lat' dir='ltr'>,gee</span> <span class='ocrx_word' id='word_1_252' title='bbox 1870 2106 1875 2112; x_wconf 95' lang='lat'><em>·</em></span> 
     </span>
     <span class='ocr_line' id='line_1_21' title="bbox 290 2148 1839 2234; baseline -0.001 -15"><span class='ocrx_word' id='word_1_253' title='bbox 290 2155 485 2232; x_wconf 70' lang='lat' dir='ltr'>precedente</span> <span class='ocrx_word' id='word_1_254' title='bbox 510 2155 701 2233; x_wconf 87' lang='lat' dir='ltr'>inimicitia,</span> <span class='ocrx_word' id='word_1_255' title='bbox 749 2169 887 2217; x_wconf 89' lang='lat' dir='ltr'>arentem</span> <span class='ocrx_word' id='word_1_256' title='bbox 912 2151 1043 2226; x_wconf 88' lang='lat' dir='ltr'>occidit,</span> <span class='ocrx_word' id='word_1_257' title='bbox 1079 2148 1188 2215; x_wconf 87' lang='lat' dir='ltr'>neralir</span> <span class='ocrx_word' id='word_1_258' title='bbox 1206 2170 1240 2214; x_wconf 91' lang='lat' dir='ltr'>ac</span> <span class='ocrx_word' id='word_1_259' title='bbox 1267 2171 1352 2230; x_wconf 76' lang='lat' dir='ltr'>vagae</span> <span class='ocrx_word' id='word_1_260' title='bbox 1372 2155 1413 2215; x_wconf 86' lang='lat' dir='ltr'>rei</span> <span class='ocrx_word' id='word_1_261' title='bbox 1441 2152 1740 2234; x_wconf 79' lang='lat' dir='ltr'>proniiilio.·leem,</span> <span class='ocrx_word' id='word_1_262' title='bbox 1757 2155 1839 2233; x_wconf 86' lang='lat' dir='ltr'>quod</span> 
     </span>
     <span class='ocr_line' id='line_1_22' title="bbox 291 2227 1883 2316; baseline -0.001 -18"><span class='ocrx_word' id='word_1_263' title='bbox 291 2234 433 2313; x_wconf 88' lang='lat' dir='ltr'>prolem,</span> <span class='ocrx_word' id='word_1_264' title='bbox 471 2238 657 2312; x_wconf 84' lang='lat' dir='ltr'>coniugem,</span> <span class='ocrx_word' id='word_1_265' title='bbox 686 2253 701 2298; x_wconf 88' lang='lat' dir='ltr'>a</span> <span class='ocrx_word' id='word_1_266' title='bbox 740 2253 838 2310; x_wconf 87' lang='lat' dir='ltr'>nem,</span> <span class='ocrx_word' id='word_1_267' title='bbox 864 2230 1039 2309; x_wconf 83' lang='lat' dir='ltr'>consangiii·</span> <span class='ocrx_word' id='word_1_268' title='bbox 1099 2233 1130 2294; x_wconf 88' lang='lat' dir='ltr'>ui</span> <span class='ocrx_word' id='word_1_269' title='bbox 1149 2227 1256 2306; x_wconf 83' lang='lat' dir='ltr'>absque</span> <span class='ocrx_word' id='word_1_270' title='bbox 1271 2234 1371 2307; x_wconf 89' lang='lat' dir='ltr'>pretio</span> <span class='ocrx_word' id='word_1_271' title='bbox 1398 2228 1447 2298; x_wconf 88' lang='lat' dir='ltr'>sibi</span> <span class='ocrx_word' id='word_1_272' title='bbox 1476 2233 1551 2297; x_wconf 90' lang='lat' dir='ltr'>dato</span> <span class='ocrx_word' id='word_1_273' title='bbox 1572 2278 1581 2309; x_wconf 90' lang='lat'>,</span> <span class='ocrx_word' id='word_1_274' title='bbox 1602 2251 1655 2300; x_wconf 90' lang='lat' dir='ltr'>aut</span> <span class='ocrx_word' id='word_1_275' title='bbox 1676 2236 1836 2312; x_wconf 74' lang='lat' dir='ltr'>promitio,</span> <span class='ocrx_word' id='word_1_276' title='bbox 1863 2277 1883 2316; x_wconf 79' lang='lat'>·.</span> 
     </span>
     <span class='ocr_line' id='line_1_23' title="bbox 241 2252 1096 2397; baseline -0.009 -19"><span class='ocrx_word' id='word_1_277' title='bbox 241 2333 248 2340; x_wconf 90' lang='lat'>·</span> <span class='ocrx_word' id='word_1_278' title='bbox 289 2333 402 2388; x_wconf 72' lang='lat' dir='ltr'>neum,</span> <span class='ocrx_word' id='word_1_279' title='bbox 424 2318 494 2391; x_wconf 87' lang='lat' dir='ltr'>qnia</span> <span class='ocrx_word' id='word_1_280' title='bbox 516 2333 618 2379; x_wconf 84' lang='lat' dir='ltr'>omnes</span> <span class='ocrx_word' id='word_1_281' title='bbox 638 2310 685 2377; x_wconf 84' lang='lat' dir='ltr'>ilii</span> <span class='ocrx_word' id='word_1_282' title='bbox 704 2313 752 2397; x_wconf 72' lang='lat' dir='ltr'>ael</span> <span class='ocrx_word' id='word_1_283' title='bbox 773 2310 842 2378; x_wconf 90' lang='lat' dir='ltr'>suot</span> <span class='ocrx_word' id='word_1_284' title='bbox 865 2311 913 2375; x_wconf 89' lang='lat' dir='ltr'>vel</span> <span class='ocrx_word' id='word_1_285' title='bbox 929 2309 1041 2374; x_wconf 89' lang='lat' dir='ltr'>debent</span> <span class='ocrx_word' id='word_1_286' title='bbox 1077 2252 1096 2371; x_wconf 74' lang='lat' dir='ltr'>s</span> 
     </span>
     <span class='ocr_line' id='line_1_24' title="bbox 289 2388 1834 2471; baseline 0.001 -14"><span class='ocrx_word' id='word_1_287' title='bbox 289 2393 350 2457; x_wconf 84' lang='lat' dir='ltr'>esse</span> <span class='ocrx_word' id='word_1_288' title='bbox 367 2397 456 2458; x_wconf 83' lang='lat' dir='ltr'>amici</span> <span class='ocrx_word' id='word_1_289' title='bbox 467 2444 476 2470; x_wconf 91' lang='lat'>,</span> <span class='ocrx_word' id='word_1_290' title='bbox 489 2393 525 2460; x_wconf 78' lang='lat' dir='ltr'>dt</span> <span class='ocrx_word' id='word_1_291' title='bbox 545 2411 581 2460; x_wconf 89' lang='lat' dir='ltr'>ut</span> <span class='ocrx_word' id='word_1_292' title='bbox 597 2393 676 2459; x_wconf 83' lang='lat' dir='ltr'>talea</span> <span class='ocrx_word' id='word_1_293' title='bbox 697 2394 904 2471; x_wconf 86' lang='lat' dir='ltr'>supponuntur</span> <span class='ocrx_word' id='word_1_294' title='bbox 923 2412 933 2468; x_wconf 81' lang='lat'>3</span> <span class='ocrx_word' id='word_1_295' title='bbox 960 2388 1042 2452; x_wconf 89' lang='lat' dir='ltr'>uode</span> <span class='ocrx_word' id='word_1_296' title='bbox 1078 2389 1208 2465; x_wconf 83' lang='lat' dir='ltr'>aliquem</span> <span class='ocrx_word' id='word_1_297' title='bbox 1225 2391 1357 2466; x_wconf 84' lang='lat' dir='ltr'>occidit,</span> <span class='ocrx_word' id='word_1_298' title='bbox 1372 2410 1437 2455; x_wconf 78' lang='lat' dir='ltr'>nnn.</span> <span class='ocrx_word' id='word_1_299' title='bbox 1450 2394 1619 2458; x_wconf 89' lang='lat' dir='ltr'>committit</span> <span class='ocrx_word' id='word_1_300' title='bbox 1630 2391 1834 2470; x_wconf 83' lang='lat' dir='ltr'>assassinium:</span> 
     </span>
     <span class='ocr_line' id='line_1_25' title="bbox 290 2466 1921 2554; baseline 0.001 -18"><span class='ocrx_word' id='word_1_301' title='bbox 290 2491 355 2538; x_wconf 88' lang='lat' dir='ltr'>non</span> <span class='ocrx_word' id='word_1_302' title='bbox 377 2472 501 2550; x_wconf 85' lang='lat' dir='ltr'>potest,</span> <span class='ocrx_word' id='word_1_303' title='bbox 533 2493 589 2538; x_wconf 84' lang='lat' dir='ltr'>nec</span> <span class='ocrx_word' id='word_1_304' title='bbox 613 2471 776 2552; x_wconf 83' lang='lat' dir='ltr'>prudenter</span> <span class='ocrx_word' id='word_1_305' title='bbox 797 2470 886 2536; x_wconf 86' lang='lat' dir='ltr'>debet</span> <span class='ocrx_word' id='word_1_306' title='bbox 915 2466 1042 2533; x_wconf 84' lang='lat' dir='ltr'>abillis</span> <span class='ocrx_word' id='word_1_307' title='bbox 1076 2470 1120 2532; x_wconf 89' lang='lat' dir='ltr'>ait</span> <span class='ocrx_word' id='word_1_308' title='bbox 1144 2472 1230 2554; x_wconf 83' lang='lat' dir='ltr'>enini</span> <span class='ocrx_word' id='word_1_309' title='bbox 1254 2466 1449 2534; x_wconf 81' lang='lat' dir='ltr'>Constitutio</span> <span class='ocrx_word' id='word_1_310' title='bbox 1476 2469 1628 2534; x_wconf 74' lang='lat' dir='ltr'>Beneuen</span> <span class='ocrx_word' id='word_1_311' title='bbox 1655 2472 1836 2538; x_wconf 74' lang='lat' dir='ltr'>tradiderint</span> <span class='ocrx_word' id='word_1_312' title='bbox 1919 2505 1921 2510; x_wconf 96' lang='lat'>·</span> 
     </span>
     <span class='ocr_line' id='line_1_26' title="bbox 288 2547 1841 2634; baseline 0 -18"><span class='ocrx_word' id='word_1_313' title='bbox 288 2571 372 2616; x_wconf 76' lang='lat' dir='ltr'>mors</span> <span class='ocrx_word' id='word_1_314' title='bbox 388 2555 487 2618; x_wconf 86' lang='lat' dir='ltr'>timeri</span> <span class='ocrx_word' id='word_1_315' title='bbox 509 2551 544 2619; x_wconf 87' lang='lat' dir='ltr'>dt</span> <span class='ocrx_word' id='word_1_316' title='bbox 563 2554 756 2634; x_wconf 79' lang='lat' dir='ltr'>praecaveri.</span> <span class='ocrx_word' id='word_1_317' title='bbox 788 2552 897 2615; x_wconf 79' lang='lat' dir='ltr'>itidem</span> <span class='ocrx_word' id='word_1_318' title='bbox 914 2549 1039 2612; x_wconf 88' lang='lat' dir='ltr'>homici·</span> <span class='ocrx_word' id='word_1_319' title='bbox 1076 2558 1127 2610; x_wconf 84' lang='lat' dir='ltr'>aur</span> <span class='ocrx_word' id='word_1_320' title='bbox 1160 2547 1367 2628; x_wconf 59' lang='lat' dir='ltr'>promiserint.</span> <span class='ocrx_word' id='word_1_321' title='bbox 1396 2547 1476 2612; x_wconf 87' lang='lat' dir='ltr'>Item</span> <span class='ocrx_word' id='word_1_322' title='bbox 1504 2559 1567 2613; x_wconf 90' lang='lat' dir='ltr'>non</span> <span class='ocrx_word' id='word_1_323' title='bbox 1589 2550 1700 2616; x_wconf 84' lang='lat' dir='ltr'>sufficit</span> <span class='ocrx_word' id='word_1_324' title='bbox 1729 2568 1841 2617; x_wconf 67' lang='lat' dir='ltr'>atten—</span> 
     </span>
     <span class='ocr_line' id='line_1_27' title="bbox 288 2623 1834 2773; baseline 0 -80"><span class='ocrx_word' id='word_1_325' title='bbox 288 2630 370 2695; x_wconf 91' lang='lat' dir='ltr'>dium</span> <span class='ocrx_word' id='word_1_326' title='bbox 381 2633 587 2773; x_wconf 69' lang='lat' dir='ltr'>¹proditoiinm</span> <span class='ocrx_word' id='word_1_327' title='bbox 606 2633 773 2716; x_wconf 80' lang='lat' dir='ltr'>committit</span> <span class='ocrx_word' id='word_1_328' title='bbox 786 2630 928 2704; x_wconf 79' lang='lat' dir='ltr'>occident</span> <span class='ocrx_word' id='word_1_329' title='bbox 945 2623 1043 2691; x_wconf 82' lang='lat' dir='ltr'>irisan·</span> <span class='ocrx_word' id='word_1_330' title='bbox 1077 2644 1198 2703; x_wconf 84' lang='lat' dir='ltr'>tarum,</span> <span class='ocrx_word' id='word_1_331' title='bbox 1214 2627 1262 2690; x_wconf 90' lang='lat' dir='ltr'>sed</span> <span class='ocrx_word' id='word_1_332' title='bbox 1280 2630 1445 2703; x_wconf 85' lang='lat' dir='ltr'>requiritur</span> <span class='ocrx_word' id='word_1_333' title='bbox 1463 2629 1558 2703; x_wconf 89' lang='lat' dir='ltr'>reipla</span> <span class='ocrx_word' id='word_1_334' title='bbox 1575 2646 1730 2705; x_wconf 87' lang='lat' dir='ltr'>patratum</span> <span class='ocrx_word' id='word_1_335' title='bbox 1747 2631 1834 2694; x_wconf 86' lang='lat' dir='ltr'>alsas-</span> 
     </span>
     <span class='ocr_line' id='line_1_28' title="bbox 226 2725 353 2774; baseline -0.008 1"><span class='ocrx_word' id='word_1_336' title='bbox 226 2755 229 2760; x_wconf 95' lang='lat'>·</span> <span class='ocrx_word' id='word_1_337' title='bbox 288 2725 353 2774; x_wconf 74' lang='lat' dir='ltr'>tem</span> 
     </span>
     <span class='ocr_line' id='line_1_29' title="bbox 287 2782 1833 2865; baseline -0.003 -11"><span class='ocrx_word' id='word_1_338' title='bbox 287 2792 360 2865; x_wconf 81' lang='lat' dir='ltr'>quia</span> <span class='ocrx_word' id='word_1_339' title='bbox 387 2790 500 2855; x_wconf 88' lang='lat' dir='ltr'>occidit</span> <span class='ocrx_word' id='word_1_340' title='bbox 530 2790 685 2854; x_wconf 87' lang='lat' dir='ltr'>hominem</span> <span class='ocrx_word' id='word_1_341' title='bbox 720 2783 837 2864; x_wconf 79' lang='lat' dir='ltr'>prorsus</span> <span class='ocrx_word' id='word_1_342' title='bbox 864 2789 1044 2863; x_wconf 89' lang='lat' dir='ltr'>incautum,</span> <span class='ocrx_word' id='word_1_343' title='bbox 1073 2796 1227 2862; x_wconf 78' lang='lat' dir='ltr'>patratam</span> <span class='ocrx_word' id='word_1_344' title='bbox 1240 2782 1359 2865; x_wconf 72' lang='lat' dir='ltr'>fuerit,</span> <span class='ocrx_word' id='word_1_345' title='bbox 1381 2783 1415 2851; x_wconf 74' lang='grc' dir='ltr'>δι</span> <span class='ocrx_word' id='word_1_346' title='bbox 1435 2784 1585 2851; x_wconf 87' lang='lat' dir='ltr'>licetiam</span> <span class='ocrx_word' id='word_1_347' title='bbox 1620 2790 1769 2854; x_wconf 86' lang='lat' dir='ltr'>eclaravit</span> <span class='ocrx_word' id='word_1_348' title='bbox 1789 2797 1833 2852; x_wconf 81' lang='lat' dir='ltr'>li·</span> 
     </span>
     <span class='ocr_line' id='line_1_30' title="bbox 244 2864 1835 2947; baseline -0.001 -16"><span class='ocrx_word' id='word_1_349' title='bbox 244 2893 247 2900; x_wconf 95' lang='lat'>·</span> <span class='ocrx_word' id='word_1_350' title='bbox 287 2871 341 2944; x_wconf 81' lang='lat' dir='ltr'>qui</span> <span class='ocrx_word' id='word_1_351' title='bbox 359 2887 535 2943; x_wconf 71' lang='lat' dir='ltr'>praecavete</span> <span class='ocrx_word' id='word_1_352' title='bbox 552 2869 755 2946; x_wconf 83' lang='lat' dir='ltr'>nequiverat,</span> <span class='ocrx_word' id='word_1_353' title='bbox 776 2865 923 2932; x_wconf 85' lang='lat' dir='ltr'>&amp;omnia</span> <span class='ocrx_word' id='word_1_354' title='bbox 943 2866 1041 2927; x_wconf 90' lang='lat' dir='ltr'>inimi·</span> <span class='ocrx_word' id='word_1_355' title='bbox 1075 2883 1136 2927; x_wconf 83' lang='lat' dir='ltr'>cta.</span> <span class='ocrx_word' id='word_1_356' title='bbox 1149 2864 1296 2943; x_wconf 73' lang='lat' dir='ltr'>congreg.</span> <span class='ocrx_word' id='word_1_357' title='bbox 1308 2865 1479 2940; x_wconf 84' lang='lat' dir='ltr'>Episcopot.</span> <span class='ocrx_word' id='word_1_358' title='bbox 1502 2865 1696 2947; x_wconf 68' lang='lat' dir='ltr'>&amp;Regulam</span> <span class='ocrx_word' id='word_1_359' title='bbox 1718 2872 1749 2930; x_wconf 87' lang='lat' dir='ltr'>iii</span> <span class='ocrx_word' id='word_1_360' title='bbox 1767 2869 1835 2931; x_wconf 85' lang='lat' dir='ltr'>Sar·</span> 
     </span>
     <span class='ocr_line' id='line_1_31' title="bbox 273 2942 1834 3086; baseline 0.003 -77"><span class='ocrx_word' id='word_1_361' title='bbox 273 2946 375 3010; x_wconf 83' lang='lat' dir='ltr'>-citiae</span> <span class='ocrx_word' id='word_1_362' title='bbox 396 2946 438 3009; x_wconf 86' lang='lat' dir='ltr'>eli</span> <span class='ocrx_word' id='word_1_363' title='bbox 464 2952 620 3025; x_wconf 80' lang='lat' dir='ltr'>incapax.</span> <span class='ocrx_word' id='word_1_364' title='bbox 655 2947 737 3010; x_wconf 86' lang='lat' dir='ltr'>Hinc</span> <span class='ocrx_word' id='word_1_365' title='bbox 766 2944 847 3010; x_wconf 87' lang='lat' dir='ltr'>sacta</span> <span class='ocrx_word' id='word_1_366' title='bbox 870 2944 1040 3086; x_wconf 54' lang='lat' dir='ltr'>congrega·</span> <span class='ocrx_word' id='word_1_367' title='bbox 1075 2962 1187 3007; x_wconf 86' lang='lat' dir='ltr'>aaoen.</span> <span class='ocrx_word' id='word_1_368' title='bbox 1202 2962 1250 3005; x_wconf 83' lang='lat' dir='ltr'>aa.</span> <span class='ocrx_word' id='word_1_369' title='bbox 1267 2942 1354 3009; x_wconf 83' lang='lat' dir='ltr'>Febr.</span> <span class='ocrx_word' id='word_1_370' title='bbox 1375 2946 1463 3008; x_wconf 78' lang='lat'>1620.</span> <span class='ocrx_word' id='word_1_371' title='bbox 1483 2968 1590 3025; x_wconf 85' lang='lat' dir='ltr'>nempe</span> <span class='ocrx_word' id='word_1_372' title='bbox 1617 2996 1626 3026; x_wconf 90' lang='lat'>,</span> <span class='ocrx_word' id='word_1_373' title='bbox 1652 2948 1731 3024; x_wconf 90' lang='lat' dir='ltr'>quod</span> <span class='ocrx_word' id='word_1_374' title='bbox 1747 2962 1834 3013; x_wconf 82' lang='lat' dir='ltr'>anie·</span> 
     </span>
    </p>
   </div>
   <div class='ocr_carea' id='block_1_6' title="bbox 285 3019 1894 3168">
    <p class='ocr_par' dir='ltr' id='par_1_13' title="bbox 285 3019 1894 3168">
     <span class='ocr_line' id='line_1_32' title="bbox 285 3019 1894 3168; baseline 0.004 -80"><span class='ocrx_word' id='word_1_375' title='bbox 285 3025 335 3088; x_wconf 88' lang='lat' dir='ltr'>t-io</span> <span class='ocrx_word' id='word_1_376' title='bbox 356 3026 483 3090; x_wconf 87' lang='lat' dir='ltr'>Concilii</span> <span class='ocrx_word' id='word_1_377' title='bbox 501 3044 527 3107; x_wconf 82' lang='lat'>3.</span> <span class='ocrx_word' id='word_1_378' title='bbox 549 3027 703 3091; x_wconf 87' lang='lat' dir='ltr'>Decembr.</span> <span class='ocrx_word' id='word_1_379' title='bbox 729 3028 816 3106; x_wconf 77' lang='lat'>1632.</span> <span class='ocrx_word' id='word_1_380' title='bbox 834 3023 912 3101; x_wconf 88' lang='lat' dir='ltr'>apud</span> <span class='ocrx_word' id='word_1_381' title='bbox 955 3022 1046 3087; x_wconf 78' lang='lat' dir='ltr'>arbo·</span> <span class='ocrx_word' id='word_1_382' title='bbox 1074 3042 1162 3099; x_wconf 81' lang='lat' dir='ltr'>quam</span> <span class='ocrx_word' id='word_1_383' title='bbox 1176 3019 1318 3168; x_wconf 46' lang='lat' dir='ltr'>[exuatur</span> <span class='ocrx_word' id='word_1_384' title='bbox 1345 3024 1479 3106; x_wconf 66' lang='lat' dir='ltr'>affidare,</span> <span class='ocrx_word' id='word_1_385' title='bbox 1506 3025 1558 3106; x_wconf 76' lang='lat' dir='ltr'>qai</span> <span class='ocrx_word' id='word_1_386' title='bbox 1578 3028 1833 3118; x_wconf 33' lang='lat' dir='ltr'>pecaniam-dedit</span> <span class='ocrx_word' id='word_1_387' title='bbox 1892 3045 1894 3052; x_wconf 85' lang='lat'>&#39;</span> 
     </span>
    </p>
   </div>
   <div class='ocr_carea' id='block_1_7' title="bbox 283 3100 1863 3585">
    <p class='ocr_par' dir='ltr' id='par_1_14' title="bbox 283 3100 1863 3585">
     <span class='ocr_line' id='line_1_33' title="bbox 286 3100 1831 3186; baseline 0.004 -19"><span class='ocrx_word' id='word_1_388' title='bbox 286 3100 350 3168; x_wconf 88' lang='lat' dir='ltr'>sain</span> <span class='ocrx_word' id='word_1_389' title='bbox 374 3109 406 3168; x_wconf 89' lang='lat' dir='ltr'>in</span> <span class='ocrx_word' id='word_1_390' title='bbox 438 3107 558 3171; x_wconf 87' lang='lat' dir='ltr'>Summa</span> <span class='ocrx_word' id='word_1_391' title='bbox 581 3104 684 3183; x_wconf 84' lang='lat' dir='ltr'>Apoll.</span> <span class='ocrx_word' id='word_1_392' title='bbox 734 3104 799 3170; x_wconf 66' lang='lat' dir='ltr'>„cis</span> <span class='ocrx_word' id='word_1_393' title='bbox 822 3103 904 3170; x_wconf 82' lang='lat' dir='ltr'>verb</span> <span class='ocrx_word' id='word_1_394' title='bbox 926 3107 1036 3168; x_wconf 73' lang='lat' dir='ltr'>senmu-</span> <span class='ocrx_word' id='word_1_395' title='bbox 1071 3117 1186 3184; x_wconf 77' lang='lat' dir='ltr'>propier</span> <span class='ocrx_word' id='word_1_396' title='bbox 1231 3102 1435 3186; x_wconf 77' lang='lat' dir='ltr'>omicidium,</span> <span class='ocrx_word' id='word_1_397' title='bbox 1496 3106 1585 3178; x_wconf 73' lang='lat' dir='ltr'>audet</span> <span class='ocrx_word' id='word_1_398' title='bbox 1611 3110 1831 3180; x_wconf 73' lang='lat' dir='ltr'>immeruit.</span> 
     </span>
     <span class='ocr_line' id='line_1_34' title="bbox 285 3126 1495 3264; baseline 0 -15"><span class='ocrx_word' id='word_1_399' title='bbox 285 3186 341 3249; x_wconf 82' lang='lat' dir='ltr'>nir.</span> <span class='ocrx_word' id='word_1_400' title='bbox 365 3205 396 3248; x_wconf 90' lang='lat' dir='ltr'>ri.</span> <span class='ocrx_word' id='word_1_401' title='bbox 416 3203 446 3264; x_wconf 82' lang='lat'>9.</span> <span class='ocrx_word' id='word_1_402' title='bbox 469 3187 660 3262; x_wconf 81' lang='lat' dir='ltr'>declaravit,</span> <span class='ocrx_word' id='word_1_403' title='bbox 720 3186 758 3251; x_wconf 89' lang='lat' dir='ltr'>od</span> <span class='ocrx_word' id='word_1_404' title='bbox 780 3204 880 3248; x_wconf 86' lang='lat' dir='ltr'>mater</span> <span class='ocrx_word' id='word_1_405' title='bbox 900 3184 1038 3249; x_wconf 77' lang='lat' dir='ltr'>occident</span> <span class='ocrx_word' id='word_1_406' title='bbox 1076 3181 1153 3247; x_wconf 87' lang='lat' dir='ltr'>ltem</span> <span class='ocrx_word' id='word_1_407' title='bbox 1172 3181 1192 3246; x_wconf 90' lang='lat' dir='ltr'>si</span> <span class='ocrx_word' id='word_1_408' title='bbox 1211 3183 1421 3250; x_wconf 74' lang='lat' dir='ltr'>mandatarius</span> <span class='ocrx_word' id='word_1_409' title='bbox 1441 3126 1495 3249; x_wconf 72' lang='lat' dir='ltr'>nis</span> 
     </span>
     <span class='ocr_line' id='line_1_35' title="bbox 285 3260 1863 3344; baseline 0 -18"><span class='ocrx_word' id='word_1_410' title='bbox 285 3260 436 3329; x_wconf 84' lang='lat' dir='ltr'>infantem</span> <span class='ocrx_word' id='word_1_411' title='bbox 463 3266 564 3334; x_wconf 86' lang='lat' dir='ltr'>filium</span> <span class='ocrx_word' id='word_1_412' title='bbox 591 3285 655 3329; x_wconf 89' lang='lat' dir='ltr'>non</span> <span class='ocrx_word' id='word_1_413' title='bbox 693 3265 804 3344; x_wconf 80' lang='lat' dir='ltr'>gaudet</span> <span class='ocrx_word' id='word_1_414' title='bbox 843 3265 1038 3327; x_wconf 86' lang='lat' dir='ltr'>immunitate</span> <span class='ocrx_word' id='word_1_415' title='bbox 1073 3282 1112 3327; x_wconf 90' lang='lat' dir='ltr'>nt</span> <span class='ocrx_word' id='word_1_416' title='bbox 1134 3310 1144 3341; x_wconf 93' lang='lat'>,</span> <span class='ocrx_word' id='word_1_417' title='bbox 1169 3264 1240 3327; x_wconf 82' lang='lat' dir='ltr'>iicet</span> <span class='ocrx_word' id='word_1_418' title='bbox 1263 3264 1443 3334; x_wconf 86' lang='lat' dir='ltr'>mandatum</span> <span class='ocrx_word' id='word_1_419' title='bbox 1457 3286 1528 3329; x_wconf 90' lang='lat' dir='ltr'>cum</span> <span class='ocrx_word' id='word_1_420' title='bbox 1553 3272 1682 3342; x_wconf 84' lang='lat' dir='ltr'>pecunia</span> <span class='ocrx_word' id='word_1_421' title='bbox 1710 3285 1863 3344; x_wconf 83' lang='lat' dir='ltr'>recepe-...</span> 
     </span>
     <span class='ocr_line' id='line_1_36' title="bbox 285 3341 1833 3427; baseline -0.001 -18"><span class='ocrx_word' id='word_1_422' title='bbox 285 3341 452 3410; x_wconf 72' lang='lat' dir='ltr'>Ecclesiae.</span> <span class='ocrx_word' id='word_1_423' title='bbox 479 3347 660 3424; x_wconf 74' lang='lat' dir='ltr'>Quinimmo</span> <span class='ocrx_word' id='word_1_424' title='bbox 688 3365 727 3408; x_wconf 88' lang='lat' dir='ltr'>eit</span> <span class='ocrx_word' id='word_1_425' title='bbox 756 3344 963 3408; x_wconf 86' lang='lat' dir='ltr'>declaratione</span> <span class='ocrx_word' id='word_1_426' title='bbox 984 3364 1038 3406; x_wconf 85' lang='lat' dir='ltr'>eit·</span> <span class='ocrx_word' id='word_1_427' title='bbox 1074 3342 1301 3417; x_wconf 81' lang='lat' dir='ltr'>rit,mandana</span> <span class='ocrx_word' id='word_1_428' title='bbox 1323 3364 1386 3406; x_wconf 90' lang='lat' dir='ltr'>non</span> <span class='ocrx_word' id='word_1_429' title='bbox 1404 3343 1578 3408; x_wconf 84' lang='lat' dir='ltr'>excluditur</span> <span class='ocrx_word' id='word_1_430' title='bbox 1607 3367 1623 3408; x_wconf 93' lang='lat' dir='ltr'>a</span> <span class='ocrx_word' id='word_1_431' title='bbox 1648 3348 1713 3409; x_wconf 87' lang='lat' dir='ltr'>iure</span> <span class='ocrx_word' id='word_1_432' title='bbox 1727 3341 1833 3427; x_wconf 83' lang='lat' dir='ltr'>asyli,</span> 
     </span>
     <span class='ocr_line' id='line_1_37' title="bbox 285 3412 1831 3503; baseline -0.001 -15"><span class='ocrx_word' id='word_1_433' title='bbox 285 3424 382 3500; x_wconf 83' lang='lat' dir='ltr'>prelia</span> <span class='ocrx_word' id='word_1_434' title='bbox 402 3424 535 3490; x_wconf 83' lang='lat' dir='ltr'>eiusdem</span> <span class='ocrx_word' id='word_1_435' title='bbox 565 3423 655 3488; x_wconf 80' lang='lat' dir='ltr'>sacrae</span> <span class='ocrx_word' id='word_1_436' title='bbox 676 3423 930 3503; x_wconf 77' lang='lat' dir='ltr'>congregationis</span> <span class='ocrx_word' id='word_1_437' title='bbox 957 3420 1038 3484; x_wconf 87' lang='lat' dir='ltr'>Coo·</span> <span class='ocrx_word' id='word_1_438' title='bbox 1073 3439 1106 3487; x_wconf 89' lang='lat' dir='ltr'>ut</span> <span class='ocrx_word' id='word_1_439' title='bbox 1124 3418 1206 3485; x_wconf 73' lang='lat' dir='ltr'>dida.</span> <span class='ocrx_word' id='word_1_440' title='bbox 1228 3412 1311 3488; x_wconf 86' lang='lat' dir='ltr'>sacta</span> <span class='ocrx_word' id='word_1_441' title='bbox 1331 3421 1514 3500; x_wconf 72' lang='lat' dir='ltr'>Conpreeat.</span> <span class='ocrx_word' id='word_1_442' title='bbox 1541 3426 1572 3486; x_wconf 91' lang='lat' dir='ltr'>in</span> <span class='ocrx_word' id='word_1_443' title='bbox 1598 3426 1705 3486; x_wconf 87' lang='lat' dir='ltr'>cadem</span> <span class='ocrx_word' id='word_1_444' title='bbox 1723 3424 1831 3489; x_wconf 83' lang='lat' dir='ltr'>Saraa·</span> 
     </span>
     <span class='ocr_line' id='line_1_38' title="bbox 283 3469 1832 3585; baseline -0.001 -17"><span class='ocrx_word' id='word_1_445' title='bbox 283 3505 475 3569; x_wconf 79' lang='lat' dir='ltr'>eiliieadem</span> <span class='ocrx_word' id='word_1_446' title='bbox 490 3506 539 3568; x_wconf 90' lang='lat' dir='ltr'>die</span> <span class='ocrx_word' id='word_1_447' title='bbox 557 3519 585 3585; x_wconf 84' lang='lat'>3.</span> <span class='ocrx_word' id='word_1_448' title='bbox 604 3505 726 3566; x_wconf 86' lang='lat' dir='ltr'>Decem.</span> <span class='ocrx_word' id='word_1_449' title='bbox 749 3524 829 3566; x_wconf 86' lang='lat' dir='ltr'>anno</span> <span class='ocrx_word' id='word_1_450' title='bbox 848 3506 936 3581; x_wconf 69' lang='lat'>1632.</span> <span class='ocrx_word' id='word_1_451' title='bbox 959 3500 1036 3577; x_wconf 90' lang='lat' dir='ltr'>apud</span> <span class='ocrx_word' id='word_1_452' title='bbox 1072 3520 1141 3564; x_wconf 89' lang='lat' dir='ltr'>nen.</span> <span class='ocrx_word' id='word_1_453' title='bbox 1163 3518 1213 3562; x_wconf 82' lang='lat' dir='ltr'>ai.</span> <span class='ocrx_word' id='word_1_454' title='bbox 1231 3498 1318 3564; x_wconf 71' lang='lat' dir='ltr'>febr.</span> <span class='ocrx_word' id='word_1_455' title='bbox 1339 3503 1427 3565; x_wconf 77' lang='lat'>1620.</span> <span class='ocrx_word' id='word_1_456' title='bbox 1452 3469 1535 3566; x_wconf 71' lang='lat' dir='ltr'>stem</span> <span class='ocrx_word' id='word_1_457' title='bbox 1554 3502 1753 3568; x_wconf 85' lang='lat' dir='ltr'>ecclesiastica</span> <span class='ocrx_word' id='word_1_458' title='bbox 1776 3509 1832 3567; x_wconf 89' lang='lat' dir='ltr'>ini-</span> 
     </span>
    </p>
   </div>
   <div class='ocr_carea' id='block_1_8' title="bbox 1496 3186 1836 3256">
    <p class='ocr_par' dir='ltr' id='par_1_15' title="bbox 1496 3186 1836 3256">
     <span class='ocr_line' id='line_1_39' title="bbox 1496 3186 1836 3256; baseline 0.009 -7"><span class='ocrx_word' id='word_1_459' title='bbox 1496 3186 1516 3250; x_wconf 90' lang='lat' dir='ltr'>il</span> <span class='ocrx_word' id='word_1_460' title='bbox 1537 3186 1633 3255; x_wconf 91' lang='lat' dir='ltr'>adbuc</span> <span class='ocrx_word' id='word_1_461' title='bbox 1651 3204 1836 3256; x_wconf 84' lang='lat' dir='ltr'>attentave-</span> 
     </span>
    </p>
   </div>
   <div class='ocr_carea' id='block_1_9' title="bbox 1089 2308 1984 2388">
    <p class='ocr_par' dir='ltr' id='par_1_16' title="bbox 1089 2308 1984 2388">
     <span class='ocr_line' id='line_1_40' title="bbox 1089 2308 1984 2388; baseline 0.003 -14"><span class='ocrx_word' id='word_1_462' title='bbox 1089 2325 1136 2384; x_wconf 87' lang='lat' dir='ltr'>pe·</span> <span class='ocrx_word' id='word_1_463' title='bbox 1149 2312 1291 2388; x_wconf 73' lang='lat' dir='ltr'>premii,</span> <span class='ocrx_word' id='word_1_464' title='bbox 1314 2308 1349 2376; x_wconf 82' lang='lat' dir='ltr'>dt</span> <span class='ocrx_word' id='word_1_465' title='bbox 1378 2316 1480 2374; x_wconf 89' lang='lat' dir='ltr'>animo</span> <span class='ocrx_word' id='word_1_466' title='bbox 1506 2312 1599 2377; x_wconf 88' lang='lat' dir='ltr'>alteri</span> <span class='ocrx_word' id='word_1_467' title='bbox 1627 2311 1837 2388; x_wconf 85' lang='lat' dir='ltr'>complacendi</span> <span class='ocrx_word' id='word_1_468' title='bbox 1952 2341 1984 2386; x_wconf 54' lang='grc' dir='ltr'>κ,</span> 
     </span>
    </p>
   </div>
   <div class='ocr_carea' id='block_1_10' title="bbox 394 2703 1946 2788">
    <p class='ocr_par' dir='ltr' id='par_1_17' title="bbox 394 2703 1946 2788">
     <span class='ocr_line' id='line_1_41' title="bbox 394 2703 1946 2788; baseline -0.001 -14"><span class='ocrx_word' id='word_1_469' title='bbox 394 2731 433 2775; x_wconf 90' lang='lat' dir='ltr'>eu</span> <span class='ocrx_word' id='word_1_470' title='bbox 462 2732 588 2788; x_wconf 89' lang='lat' dir='ltr'>puerum</span> <span class='ocrx_word' id='word_1_471' title='bbox 614 2717 670 2775; x_wconf 86' lang='lat' dir='ltr'>ulii</span> <span class='ocrx_word' id='word_1_472' title='bbox 698 2712 826 2775; x_wconf 83' lang='lat' dir='ltr'>tationia</span> <span class='ocrx_word' id='word_1_473' title='bbox 859 2723 1042 2781; x_wconf 85' lang='lat' dir='ltr'>carentem,·</span> <span class='ocrx_word' id='word_1_474' title='bbox 1076 2703 1200 2768; x_wconf 84' lang='lat' dir='ltr'>linium:</span> <span class='ocrx_word' id='word_1_475' title='bbox 1223 2703 1359 2783; x_wconf 88' lang='lat' dir='ltr'>ibidem,</span> <span class='ocrx_word' id='word_1_476' title='bbox 1378 2706 1532 2771; x_wconf 70' lang='lat' dir='ltr'>mmmm</span> <span class='ocrx_word' id='word_1_477' title='bbox 1554 2705 1612 2788; x_wconf 76' lang='lat' dir='ltr'>affe</span> <span class='ocrx_word' id='word_1_478' title='bbox 1631 2708 1726 2773; x_wconf 81' lang='lat' dir='ltr'>irri&#39;irm</span> <span class='ocrx_word' id='word_1_479' title='bbox 1743 2709 1836 2788; x_wconf 81' lang='lat' dir='ltr'>reipsa</span> <span class='ocrx_word' id='word_1_480' title='bbox 1937 2739 1946 2760; x_wconf 73' lang='lat' dir='ltr'>e</span> 
     </span>
    </p>
   </div>
   <div class='ocr_carea' id='block_1_11' title="bbox 284 3565 1978 3660">
    <p class='ocr_par' dir='ltr' id='par_1_18' title="bbox 284 3565 1978 3660">
     <span class='ocr_line' id='line_1_42' title="bbox 284 3565 1978 3660; baseline 0.001 -14"><span class='ocrx_word' id='word_1_481' title='bbox 284 3579 448 3648; x_wconf 73' lang='lat' dir='ltr'>meolam</span> <span class='ocrx_word' id='word_1_482' title='bbox 468 3585 485 3646; x_wconf 90' lang='lat' dir='ltr'>l.</span> <span class='ocrx_word' id='word_1_483' title='bbox 508 3588 562 3650; x_wconf 89' lang='lat' dir='ltr'>cit.</span> <span class='ocrx_word' id='word_1_484' title='bbox 581 3605 610 3647; x_wconf 91' lang='lat' dir='ltr'>ri.</span> <span class='ocrx_word' id='word_1_485' title='bbox 631 3602 679 3646; x_wconf 87' lang='lat' dir='ltr'>ti.</span> <span class='ocrx_word' id='word_1_486' title='bbox 695 3583 880 3660; x_wconf 73' lang='lat' dir='ltr'>norigaiidet</span> <span class='ocrx_word' id='word_1_487' title='bbox 897 3581 1040 3645; x_wconf 69' lang='lat' dir='ltr'>ecclesie·</span> <span class='ocrx_word' id='word_1_488' title='bbox 1072 3581 1226 3646; x_wconf 84' lang='lat' dir='ltr'>munitate</span> <span class='ocrx_word' id='word_1_489' title='bbox 1251 3578 1362 3659; x_wconf 76' lang='lat' dir='ltr'>gaudet</span> <span class='ocrx_word' id='word_1_490' title='bbox 1395 3579 1623 3660; x_wconf 68' lang='lat' dir='ltr'>animandae,</span> <span class='ocrx_word' id='word_1_491' title='bbox 1649 3579 1683 3649; x_wconf 86' lang='lat' dir='ltr'>dt</span> <span class='ocrx_word' id='word_1_492' title='bbox 1705 3585 1833 3649; x_wconf 85' lang='lat' dir='ltr'>manda·</span> <span class='ocrx_word' id='word_1_493' title='bbox 1915 3587 1917 3592; x_wconf 82' lang='grc'>’</span> <span class='ocrx_word' id='word_1_494' title='bbox 1975 3565 1978 3572; x_wconf 60' lang='grc'><strong>’</strong></span> 
     </span>
    </p>
   </div>
   <div class='ocr_carea' id='block_1_12' title="bbox 240 3660 1874 4142">
    <p class='ocr_par' dir='ltr' id='par_1_19' title="bbox 240 3660 1874 4142">
     <span class='ocr_line' id='line_1_43' title="bbox 282 3660 1838 3746; baseline 0 -20"><span class='ocrx_word' id='word_1_495' title='bbox 282 3661 348 3726; x_wconf 83' lang='lat' dir='ltr'>liici</span> <span class='ocrx_word' id='word_1_496' title='bbox 366 3662 443 3746; x_wconf 88' lang='lat' dir='ltr'>asyli</span> <span class='ocrx_word' id='word_1_497' title='bbox 460 3661 569 3729; x_wconf 86' lang='lat' dir='ltr'>savoie</span> <span class='ocrx_word' id='word_1_498' title='bbox 589 3665 697 3727; x_wconf 84' lang='lat' dir='ltr'>mulier</span> <span class='ocrx_word' id='word_1_499' title='bbox 718 3682 879 3741; x_wconf 81' lang='lat' dir='ltr'>procurans</span> <span class='ocrx_word' id='word_1_500' title='bbox 897 3665 1036 3727; x_wconf 88' lang='lat' dir='ltr'>abortum</span> <span class='ocrx_word' id='word_1_501' title='bbox 1072 3661 1266 3737; x_wconf 82' lang='lat' dir='ltr'>tumrecipit</span> <span class='ocrx_word' id='word_1_502' title='bbox 1291 3709 1305 3742; x_wconf 85' lang='lat'>,</span> <span class='ocrx_word' id='word_1_503' title='bbox 1327 3660 1377 3728; x_wconf 80' lang='lat' dir='ltr'>‚vel</span> <span class='ocrx_word' id='word_1_504' title='bbox 1400 3681 1583 3738; x_wconf 73' lang='lat' dir='ltr'>cooperatur</span> <span class='ocrx_word' id='word_1_505' title='bbox 1612 3681 1736 3742; x_wconf 74' lang='lat' dir='ltr'>propter</span> <span class='ocrx_word' id='word_1_506' title='bbox 1767 3682 1838 3742; x_wconf 68' lang='grc' dir='ltr'>ιιιε·ι</span> 
     </span>
     <span class='ocr_line' id='line_1_44' title="bbox 281 3739 1836 3826; baseline 0 -20"><span class='ocrx_word' id='word_1_507' title='bbox 281 3744 374 3816; x_wconf 85' lang='lat' dir='ltr'>inilia¹</span> <span class='ocrx_word' id='word_1_508' title='bbox 392 3743 641 3821; x_wconf 80' lang='lat' dir='ltr'>medicamentis,</span> <span class='ocrx_word' id='word_1_509' title='bbox 660 3743 702 3808; x_wconf 91' lang='lat' dir='ltr'>ob</span> <span class='ocrx_word' id='word_1_510' title='bbox 715 3743 850 3806; x_wconf 86' lang='lat' dir='ltr'>eamdem</span> <span class='ocrx_word' id='word_1_511' title='bbox 867 3744 1036 3821; x_wconf 84' lang='lat' dir='ltr'>rationem,</span> <span class='ocrx_word' id='word_1_512' title='bbox 1071 3747 1148 3807; x_wconf 90' lang='lat' dir='ltr'>tium</span> <span class='ocrx_word' id='word_1_513' title='bbox 1168 3757 1329 3818; x_wconf 89' lang='lat' dir='ltr'>acceptum</span> <span class='ocrx_word' id='word_1_514' title='bbox 1346 3741 1411 3808; x_wconf 69' lang='lat' dir='ltr'>nel</span> <span class='ocrx_word' id='word_1_515' title='bbox 1436 3746 1610 3821; x_wconf 88' lang='lat' dir='ltr'>promilluro</span> <span class='ocrx_word' id='word_1_516' title='bbox 1629 3792 1638 3823; x_wconf 91' lang='lat'>,</span> <span class='ocrx_word' id='word_1_517' title='bbox 1668 3743 1704 3810; x_wconf 92' lang='lat' dir='ltr'>ad</span> <span class='ocrx_word' id='word_1_518' title='bbox 1723 3739 1836 3826; x_wconf 74' lang='lat' dir='ltr'>faciem</span> 
     </span>
     <span class='ocr_line' id='line_1_45' title="bbox 279 3818 1851 3907; baseline -0.001 -19"><span class='ocrx_word' id='word_1_519' title='bbox 279 3822 359 3899; x_wconf 75' lang='lat' dir='ltr'>pund</span> <span class='ocrx_word' id='word_1_520' title='bbox 383 3827 525 3891; x_wconf 84' lang='lat' dir='ltr'>incautos</span> <span class='ocrx_word' id='word_1_521' title='bbox 544 3823 682 3901; x_wconf 85' lang='lat' dir='ltr'>occidat,</span> <span class='ocrx_word' id='word_1_522' title='bbox 710 3820 745 3889; x_wconf 84' lang='lat' dir='ltr'>dt</span> <span class='ocrx_word' id='word_1_523' title='bbox 766 3823 838 3887; x_wconf 85' lang='lat' dir='ltr'>nihil</span> <span class='ocrx_word' id='word_1_524' title='bbox 864 3825 1035 3902; x_wconf 75' lang='lat' dir='ltr'>cogitantes</span> <span class='ocrx_word' id='word_1_525' title='bbox 1069 3818 1152 3889; x_wconf 88' lang='lat' dir='ltr'>ferro</span> <span class='ocrx_word' id='word_1_526' title='bbox 1178 3820 1297 3890; x_wconf 84' lang='lat' dir='ltr'>cuidam</span> <span class='ocrx_word' id='word_1_527' title='bbox 1326 3818 1553 3892; x_wconf 79' lang='lat' dir='ltr'>deformandam</span> <span class='ocrx_word' id='word_1_528' title='bbox 1578 3842 1638 3890; x_wconf 82' lang='lat' dir='ltr'>-aut</span> <span class='ocrx_word' id='word_1_529' title='bbox 1665 3824 1793 3907; x_wconf 70' lang='lat' dir='ltr'>vulnera</span> <span class='ocrx_word' id='word_1_530' title='bbox 1817 3851 1851 3886; x_wconf 63' lang='grc' dir='ltr'>ι.</span> 
     </span>
     <span class='ocr_line' id='line_1_46' title="bbox 240 3844 1833 3985; baseline -0.001 -19"><span class='ocrx_word' id='word_1_531' title='bbox 240 3967 247 3978; x_wconf 70' lang='grc'><strong>,</strong></span> <span class='ocrx_word' id='word_1_532' title='bbox 280 3920 336 3968; x_wconf 82' lang='lat' dir='ltr'>aut</span> <span class='ocrx_word' id='word_1_533' title='bbox 356 3908 494 3985; x_wconf 73' lang='lat' dir='ltr'>cogitate</span> <span class='ocrx_word' id='word_1_534' title='bbox 513 3903 682 3969; x_wconf 84' lang='lat' dir='ltr'>debentes.</span> <span class='ocrx_word' id='word_1_535' title='bbox 715 3904 861 3968; x_wconf 85' lang='lat' dir='ltr'>Similiter</span> <span class='ocrx_word' id='word_1_536' title='bbox 881 3924 942 3968; x_wconf 93' lang='lat' dir='ltr'>non</span> <span class='ocrx_word' id='word_1_537' title='bbox 963 3925 1034 3984; x_wconf 76' lang='lat' dir='ltr'>gau·</span> <span class='ocrx_word' id='word_1_538' title='bbox 1069 3903 1353 3980; x_wconf 82' lang='lat' dir='ltr'>dim,quiatales</span> <span class='ocrx_word' id='word_1_539' title='bbox 1374 3902 1492 3971; x_wconf 90' lang='lat' dir='ltr'>nonnisi</span> <span class='ocrx_word' id='word_1_540' title='bbox 1511 3905 1763 3983; x_wconf 84' lang='lat' dir='ltr'>improprielunt</span> <span class='ocrx_word' id='word_1_541' title='bbox 1789 3844 1833 3970; x_wconf 49' lang='lat' dir='ltr'>arb</span> 
     </span>
     <span class='ocr_line' id='line_1_47' title="bbox 278 3977 1874 4065; baseline -0.001 -17"><span class='ocrx_word' id='word_1_542' title='bbox 278 3979 350 4061; x_wconf 77' lang='lat' dir='ltr'>det,</span> <span class='ocrx_word' id='word_1_543' title='bbox 369 3989 422 4061; x_wconf 85' lang='lat' dir='ltr'>qui</span> <span class='ocrx_word' id='word_1_544' title='bbox 440 4005 559 4049; x_wconf 88' lang='lat' dir='ltr'>veneno</span> <span class='ocrx_word' id='word_1_545' title='bbox 578 3986 709 4061; x_wconf 79' lang='lat' dir='ltr'>aliquem</span> <span class='ocrx_word' id='word_1_546' title='bbox 724 3981 871 4048; x_wconf 86' lang='lat' dir='ltr'>interficit</span> <span class='ocrx_word' id='word_1_547' title='bbox 895 4032 906 4063; x_wconf 94' lang='lat'>,</span> <span class='ocrx_word' id='word_1_548' title='bbox 923 4001 1035 4060; x_wconf 86' lang='lat' dir='ltr'>utpote</span> <span class='ocrx_word' id='word_1_549' title='bbox 1069 3979 1184 4048; x_wconf 82' lang='lat' dir='ltr'>sallini.</span> <span class='ocrx_word' id='word_1_550' title='bbox 1206 3984 1254 4048; x_wconf 88' lang='lat' dir='ltr'>Sic</span> <span class='ocrx_word' id='word_1_551' title='bbox 1276 3986 1362 4050; x_wconf 83' lang='lat' dir='ltr'>lacta</span> <span class='ocrx_word' id='word_1_552' title='bbox 1377 3986 1589 4065; x_wconf 78' lang='lat' dir='ltr'>congregatio</span> <span class='ocrx_word' id='word_1_553' title='bbox 1602 3980 1774 4062; x_wconf 84' lang='lat' dir='ltr'>Episcopot.</span> <span class='ocrx_word' id='word_1_554' title='bbox 1798 3977 1833 4046; x_wconf 79' lang='lat' dir='ltr'>dt</span> <span class='ocrx_word' id='word_1_555' title='bbox 1864 4035 1874 4056; x_wconf 81' lang='grc'><strong><em>,</em></strong></span> 
     </span>
     <span class='ocr_line' id='line_1_48' title="bbox 278 4061 1834 4142; baseline -0.003 -15"><span class='ocrx_word' id='word_1_556' title='bbox 278 4064 517 4142; x_wconf 76' lang='lat' dir='ltr'>qniproditorie</span> <span class='ocrx_word' id='word_1_557' title='bbox 534 4063 709 4130; x_wconf 85' lang='lat' dir='ltr'>interlicere</span> <span class='ocrx_word' id='word_1_558' title='bbox 723 4063 879 4130; x_wconf 87' lang='lat' dir='ltr'>ceoletur.</span> <span class='ocrx_word' id='word_1_559' title='bbox 897 4064 945 4128; x_wconf 87' lang='lat' dir='ltr'>Sic</span> <span class='ocrx_word' id='word_1_560' title='bbox 962 4064 1034 4130; x_wconf 86' lang='lat' dir='ltr'>Sua·</span> <span class='ocrx_word' id='word_1_561' title='bbox 1069 4064 1212 4138; x_wconf 69' lang='lat' dir='ltr'>Regular.</span> <span class='ocrx_word' id='word_1_562' title='bbox 1232 4066 1264 4127; x_wconf 93' lang='lat' dir='ltr'>in</span> <span class='ocrx_word' id='word_1_563' title='bbox 1283 4063 1485 4139; x_wconf 87' lang='lat' dir='ltr'>Neapolitan.</span> <span class='ocrx_word' id='word_1_564' title='bbox 1510 4083 1558 4142; x_wconf 80' lang='lat'>25.</span> <span class='ocrx_word' id='word_1_565' title='bbox 1581 4061 1661 4127; x_wconf 88' lang='lat' dir='ltr'>lunii</span> <span class='ocrx_word' id='word_1_566' title='bbox 1684 4064 1770 4126; x_wconf 79' lang='lat'>1601.</span> <span class='ocrx_word' id='word_1_567' title='bbox 1804 4069 1834 4140; x_wconf 45' lang='grc' dir='ltr'>ἃ,</span> 
     </span>
    </p>
   </div>
   <div class='ocr_carea' id='block_1_13' title="bbox 277 4140 1947 4304">
    <p class='ocr_par' dir='ltr' id='par_1_20' title="bbox 277 4140 1947 4304">
     <span class='ocr_line' id='line_1_49' title="bbox 279 4140 1947 4228; baseline -0.002 -21"><span class='ocrx_word' id='word_1_568' title='bbox 279 4161 332 4207; x_wconf 78' lang='lat' dir='ltr'>ree</span> <span class='ocrx_word' id='word_1_569' title='bbox 352 4144 372 4207; x_wconf 95' lang='lat' dir='ltr'>l.</span> <span class='ocrx_word' id='word_1_570' title='bbox 392 4157 465 4225; x_wconf 80' lang='lat' dir='ltr'>3.&#39;e.</span> <span class='ocrx_word' id='word_1_571' title='bbox 490 4161 534 4209; x_wconf 89' lang='grc' dir='ltr'>ιι.</span> <span class='ocrx_word' id='word_1_572' title='bbox 553 4161 648 4208; x_wconf 82' lang='lat' dir='ltr'>naa.</span> <span class='ocrx_word' id='word_1_573' title='bbox 673 4144 737 4221; x_wconf 90' lang='lat' dir='ltr'>Qui</span> <span class='ocrx_word' id='word_1_574' title='bbox 767 4160 872 4207; x_wconf 85' lang='lat' dir='ltr'>autem</span> <span class='ocrx_word' id='word_1_575' title='bbox 898 4140 1062 4209; x_wconf 79' lang='lat' dir='ltr'>perseve·‘</span> <span class='ocrx_word' id='word_1_576' title='bbox 1107 4147 1137 4207; x_wconf 87' lang='lat'>6.</span> <span class='ocrx_word' id='word_1_577' title='bbox 1161 4142 1364 4220; x_wconf 86' lang='lat' dir='ltr'>Excipiuntui</span> <span class='ocrx_word' id='word_1_578' title='bbox 1386 4140 1525 4208; x_wconf 68' lang='lat' dir='ltr'>inditia</span> <span class='ocrx_word' id='word_1_579' title='bbox 1556 4141 1646 4212; x_wconf 86' lang='lat' dir='ltr'>Bulla</span> <span class='ocrx_word' id='word_1_580' title='bbox 1668 4141 1833 4220; x_wconf 63' lang='lat' dir='ltr'>Gregorii·</span> <span class='ocrx_word' id='word_1_581' title='bbox 1941 4207 1947 4228; x_wconf 32' lang='grc' dir='ltr'><strong>ι</strong></span> 
     </span>
     <span class='ocr_line' id='line_1_50' title="bbox 277 4220 1939 4304; baseline 0.001 -20"><span class='ocrx_word' id='word_1_582' title='bbox 277 4229 372 4288; x_wconf 81' lang='lat' dir='ltr'>iente</span> <span class='ocrx_word' id='word_1_583' title='bbox 390 4228 550 4290; x_wconf 88' lang='lat' dir='ltr'>inimicitia</span> <span class='ocrx_word' id='word_1_584' title='bbox 568 4223 1033 4300; x_wconf 85' lang='lat' dir='ltr'>inimicumdormientem,iut</span> <span class='ocrx_word' id='word_1_585' title='bbox 1068 4241 1137 4300; x_wconf 90' lang='lat' dir='ltr'>na,</span> <span class='ocrx_word' id='word_1_586' title='bbox 1167 4221 1200 4287; x_wconf 85' lang='lat' dir='ltr'>dt</span> <span class='ocrx_word' id='word_1_587' title='bbox 1232 4242 1251 4286; x_wconf 89' lang='lat' dir='ltr'>a</span> <span class='ocrx_word' id='word_1_588' title='bbox 1282 4224 1347 4285; x_wconf 92' lang='lat' dir='ltr'>iiire</span> <span class='ocrx_word' id='word_1_589' title='bbox 1379 4222 1452 4304; x_wconf 84' lang='lat' dir='ltr'>asyli</span> <span class='ocrx_word' id='word_1_590' title='bbox 1484 4220 1835 4301; x_wconf 74' lang='lat' dir='ltr'>excluduntutbaerefia</span> <span class='ocrx_word' id='word_1_591' title='bbox 1936 4241 1939 4254; x_wconf 93' lang='grc'><em>·</em></span> 
     </span>
    </p>
   </div>
   <div class='ocr_carea' id='block_1_14' title="bbox 218 4299 1932 5105">
    <p class='ocr_par' dir='ltr' id='par_1_21' title="bbox 218 4299 1837 4541">
     <span class='ocr_line' id='line_1_51' title="bbox 218 4299 1835 4389; baseline -0.001 -21"><span class='ocrx_word' id='word_1_592' title='bbox 218 4363 221 4368; x_wconf 94' lang='grc'><strong>.</strong></span> <span class='ocrx_word' id='word_1_593' title='bbox 276 4299 342 4368; x_wconf 89' lang='lat' dir='ltr'>alio</span> <span class='ocrx_word' id='word_1_594' title='bbox 360 4306 455 4368; x_wconf 92' lang='lat' dir='ltr'>modo</span> <span class='ocrx_word' id='word_1_595' title='bbox 470 4319 769 4383; x_wconf 85' lang='lat' dir='ltr'>incautumatetgn</span> <span class='ocrx_word' id='word_1_596' title='bbox 791 4351 800 4380; x_wconf 95' lang='lat'>,</span> <span class='ocrx_word' id='word_1_597' title='bbox 822 4304 873 4368; x_wconf 87' lang='lat' dir='ltr'>vel</span> <span class='ocrx_word' id='word_1_598' title='bbox 891 4324 943 4380; x_wconf 89' lang='lat' dir='ltr'>per</span> <span class='ocrx_word' id='word_1_599' title='bbox 964 4302 1034 4366; x_wconf 85' lang='lat' dir='ltr'>insi·</span> <span class='ocrx_word' id='word_1_600' title='bbox 1069 4300 1127 4389; x_wconf 70' lang='lat' dir='ltr'>llei‘</span> <span class='ocrx_word' id='word_1_601' title='bbox 1137 4351 1147 4379; x_wconf 93' lang='lat'>,</span> <span class='ocrx_word' id='word_1_602' title='bbox 1167 4317 1203 4366; x_wconf 92' lang='lat' dir='ltr'>ut</span> <span class='ocrx_word' id='word_1_603' title='bbox 1219 4301 1355 4378; x_wconf 81' lang='lat' dir='ltr'>expresse</span> <span class='ocrx_word' id='word_1_604' title='bbox 1375 4306 1407 4364; x_wconf 88' lang='lat' dir='ltr'>in</span> <span class='ocrx_word' id='word_1_605' title='bbox 1425 4302 1540 4372; x_wconf 73' lang='lat' dir='ltr'>dietat</span> <span class='ocrx_word' id='word_1_606' title='bbox 1560 4317 1610 4382; x_wconf 81' lang='lat'>3..·</span> <span class='ocrx_word' id='word_1_607' title='bbox 1629 4301 1768 4383; x_wconf 72' lang='lat' dir='ltr'>intellige</span> <span class='ocrx_word' id='word_1_608' title='bbox 1786 4320 1835 4382; x_wconf 79' lang='lat' dir='ltr'>ta·</span> 
     </span>
     <span class='ocr_line' id='line_1_52' title="bbox 275 4378 1837 4464; baseline 0.003 -20"><span class='ocrx_word' id='word_1_609' title='bbox 275 4379 344 4448; x_wconf 83' lang='lat' dir='ltr'>iliaa</span> <span class='ocrx_word' id='word_1_610' title='bbox 357 4384 492 4464; x_wconf 87' lang='lat' dir='ltr'>occidit,</span> <span class='ocrx_word' id='word_1_611' title='bbox 505 4401 541 4448; x_wconf 88' lang='lat' dir='ltr'>ut</span> <span class='ocrx_word' id='word_1_612' title='bbox 558 4383 692 4448; x_wconf 88' lang='lat' dir='ltr'>sentiunt</span> <span class='ocrx_word' id='word_1_613' title='bbox 706 4384 796 4447; x_wconf 88' lang='lat' dir='ltr'>multi</span> <span class='ocrx_word' id='word_1_614' title='bbox 811 4400 922 4448; x_wconf 85' lang='lat' dir='ltr'>contra</span> <span class='ocrx_word' id='word_1_615' title='bbox 939 4381 1033 4463; x_wconf 84' lang='lat' dir='ltr'>alioi,</span> <span class='ocrx_word' id='word_1_616' title='bbox 1067 4403 1139 4445; x_wconf 87' lang='lat' dir='ltr'>men</span> <span class='ocrx_word' id='word_1_617' title='bbox 1157 4378 1177 4445; x_wconf 89' lang='lat' dir='ltr'>si</span> <span class='ocrx_word' id='word_1_618' title='bbox 1199 4379 1246 4444; x_wconf 94' lang='lat' dir='ltr'>ob.</span> <span class='ocrx_word' id='word_1_619' title='bbox 1257 4401 1368 4447; x_wconf 88' lang='lat' dir='ltr'>eorum</span> <span class='ocrx_word' id='word_1_620' title='bbox 1390 4382 1509 4448; x_wconf 73' lang='lat' dir='ltr'>baresii</span> <span class='ocrx_word' id='word_1_621' title='bbox 1528 4388 1662 4460; x_wconf 84' lang='lat' dir='ltr'>crimen,</span> <span class='ocrx_word' id='word_1_622' title='bbox 1682 4403 1746 4458; x_wconf 76' lang='lat' dir='ltr'>non</span> <span class='ocrx_word' id='word_1_623' title='bbox 1759 4385 1837 4448; x_wconf 78' lang='lat' dir='ltr'>item</span> 
     </span>
     <span class='ocr_line' id='line_1_53' title="bbox 274 4458 1836 4541; baseline -0.003 -14"><span class='ocrx_word' id='word_1_624' title='bbox 274 4461 422 4540; x_wconf 66' lang='lat' dir='ltr'>privato}</span> <span class='ocrx_word' id='word_1_625' title='bbox 436 4469 632 4528; x_wconf 85' lang='lat' dir='ltr'>immunitate</span> <span class='ocrx_word' id='word_1_626' title='bbox 646 4462 864 4540; x_wconf 77' lang='lat' dir='ltr'>ecclesiastica,</span> <span class='ocrx_word' id='word_1_627' title='bbox 878 4464 948 4540; x_wconf 85' lang='lat' dir='ltr'>quia</span> <span class='ocrx_word' id='word_1_628' title='bbox 966 4484 1032 4541; x_wconf 83' lang='lat' dir='ltr'>pro·</span> <span class='ocrx_word' id='word_1_629' title='bbox 1065 4461 1104 4526; x_wconf 89' lang='lat' dir='ltr'>ob</span> <span class='ocrx_word' id='word_1_630' title='bbox 1132 4461 1202 4526; x_wconf 77' lang='lat' dir='ltr'>aba.</span> <span class='ocrx_word' id='word_1_631' title='bbox 1218 4462 1347 4528; x_wconf 86' lang='lat' dir='ltr'>crimina</span> <span class='ocrx_word' id='word_1_632' title='bbox 1379 4462 1417 4526; x_wconf 88' lang='lat' dir='ltr'>ad</span> <span class='ocrx_word' id='word_1_633' title='bbox 1441 4460 1604 4530; x_wconf 83' lang='lat' dir='ltr'>Ecclesiam</span> <span class='ocrx_word' id='word_1_634' title='bbox 1627 4458 1836 4541; x_wconf 75' lang='lat' dir='ltr'>consopiant,</span> 
     </span>
    </p>

    <p class='ocr_par' dir='ltr' id='par_1_22' title="bbox 249 4538 1932 4626">
     <span class='ocr_line' id='line_1_54' title="bbox 249 4538 1932 4626; baseline -0.002 -20"><span class='ocrx_word' id='word_1_635' title='bbox 249 4543 391 4626; x_wconf 44' lang='lat' dir='ltr'>,ilicone</span> <span class='ocrx_word' id='word_1_636' title='bbox 412 4544 465 4608; x_wconf 90' lang='lat' dir='ltr'>ille</span> <span class='ocrx_word' id='word_1_637' title='bbox 479 4544 618 4610; x_wconf 86' lang='lat' dir='ltr'>occidere</span> <span class='ocrx_word' id='word_1_638' title='bbox 633 4543 767 4622; x_wconf 76' lang='lat' dir='ltr'>dicitur3</span> <span class='ocrx_word' id='word_1_639' title='bbox 787 4548 855 4618; x_wconf 84' lang='lat' dir='ltr'>quia</span> <span class='ocrx_word' id='word_1_640' title='bbox 872 4563 934 4606; x_wconf 92' lang='lat' dir='ltr'>non</span> <span class='ocrx_word' id='word_1_641' title='bbox 950 4564 1033 4620; x_wconf 82' lang='lat' dir='ltr'>quat·</span> <span class='ocrx_word' id='word_1_642' title='bbox 1067 4559 1103 4606; x_wconf 89' lang='lat' dir='ltr'>ut</span> <span class='ocrx_word' id='word_1_643' title='bbox 1130 4544 1197 4606; x_wconf 90' lang='lat' dir='ltr'>iam.</span> <span class='ocrx_word' id='word_1_644' title='bbox 1217 4538 1398 4608; x_wconf 77' lang='lat' dir='ltr'>uelumell</span> <span class='ocrx_word' id='word_1_645' title='bbox 1425 4562 1540 4619; x_wconf 87' lang='lat' dir='ltr'>antea,</span> <span class='ocrx_word' id='word_1_646' title='bbox 1560 4541 1684 4624; x_wconf 78' lang='lat' dir='ltr'>agendo¹</span> <span class='ocrx_word' id='word_1_647' title='bbox 1702 4541 1739 4605; x_wconf 89' lang='lat' dir='ltr'>de</span> <span class='ocrx_word' id='word_1_648' title='bbox 1768 4542 1805 4604; x_wconf 83' lang='lat' dir='ltr'>iit</span> <span class='ocrx_word' id='word_1_649' title='bbox 1823 4581 1835 4618; x_wconf 75' lang='grc'><strong>,</strong></span> <span class='ocrx_word' id='word_1_650' title='bbox 1854 4597 1862 4614; x_wconf 55' lang='grc'>,.</span> <span class='ocrx_word' id='word_1_651' title='bbox 1929 4605 1932 4611; x_wconf 73' lang='grc'><strong>,</strong></span> 
     </span>
    </p>

    <p class='ocr_par' dir='ltr' id='par_1_23' title="bbox 247 4619 1840 5105">
     <span class='ocr_line' id='line_1_55' title="bbox 247 4619 1637 4702; baseline -0.003 -14"><span class='ocrx_word' id='word_1_652' title='bbox 247 4639 408 4702; x_wconf 53' lang='lat' dir='ltr'>*manuue</span> <span class='ocrx_word' id='word_1_653' title='bbox 437 4621 550 4689; x_wconf 64' lang='lat' dir='ltr'>infidia</span> <span class='ocrx_word' id='word_1_654' title='bbox 581 4625 705 4700; x_wconf 87' lang='lat' dir='ltr'>privant</span> <span class='ocrx_word' id='word_1_655' title='bbox 732 4627 929 4687; x_wconf 87' lang='lat' dir='ltr'>immunitate</span> <span class='ocrx_word' id='word_1_656' title='bbox 985 4619 1263 4700; x_wconf 77' lang='lat' dir='ltr'>ledr.qui·gaudeie</span> <span class='ocrx_word' id='word_1_657' title='bbox 1279 4622 1401 4699; x_wconf 86' lang='lat' dir='ltr'>possunt</span> <span class='ocrx_word' id='word_1_658' title='bbox 1422 4624 1637 4690; x_wconf 86' lang='lat' dir='ltr'>immunitate.</span> 
     </span>
     <span class='ocr_line' id='line_1_56' title="bbox 272 4671 1824 4792; baseline -0.001 -24"><span class='ocrx_word' id='word_1_659' title='bbox 272 4723 347 4782; x_wconf 69' lang='lat' dir='ltr'>pue</span> <span class='ocrx_word' id='word_1_660' title='bbox 363 4703 569 4782; x_wconf 66' lang='lat' dir='ltr'>proditionem</span> <span class='ocrx_word' id='word_1_661' title='bbox 586 4699 781 4792; x_wconf 78' lang='lat' dir='ltr'>constituunt</span> <span class='ocrx_word' id='word_1_662' title='bbox 802 4749 811 4777; x_wconf 90' lang='lat'>,</span> <span class='ocrx_word' id='word_1_663' title='bbox 829 4704 911 4792; x_wconf 33' lang='lat' dir='ltr'>‚quii</span> <span class='ocrx_word' id='word_1_664' title='bbox 937 4671 1032 4792; x_wconf 79' lang='lat' dir='ltr'>solum</span> <span class='ocrx_word' id='word_1_665' title='bbox 1083 4754 1089 4767; x_wconf 90' lang='lat'>.</span> <span class='ocrx_word' id='word_1_666' title='bbox 1106 4720 1133 4783; x_wconf 83' lang='lat'>7.</span> <span class='ocrx_word' id='word_1_667' title='bbox 1155 4700 1325 4767; x_wconf 86' lang='lat' dir='ltr'>Secundum</span> <span class='ocrx_word' id='word_1_668' title='bbox 1333 4701 1469 4766; x_wconf 87' lang='lat' dir='ltr'>eamdem</span> <span class='ocrx_word' id='word_1_669' title='bbox 1478 4699 1736 4766; x_wconf 77' lang='lat' dir='ltr'>constitutionem</span> <span class='ocrx_word' id='word_1_670' title='bbox 1744 4695 1824 4766; x_wconf 86' lang='lat' dir='ltr'>Gre-</span> 
     </span>
     <span class='ocr_line' id='line_1_57' title="bbox 273 4778 1837 4869; baseline -0.006 -19"><span class='ocrx_word' id='word_1_671' title='bbox 273 4784 486 4850; x_wconf 77' lang='lat' dir='ltr'>excluduntur</span> <span class='ocrx_word' id='word_1_672' title='bbox 506 4784 545 4850; x_wconf 87' lang='lat' dir='ltr'>ab</span> <span class='ocrx_word' id='word_1_673' title='bbox 559 4801 616 4860; x_wconf 89' lang='lat' dir='ltr'>ea,</span> <span class='ocrx_word' id='word_1_674' title='bbox 631 4801 685 4862; x_wconf 78' lang='lat' dir='ltr'>qrri</span> <span class='ocrx_word' id='word_1_675' title='bbox 691 4780 849 4862; x_wconf 80' lang='lat' dir='ltr'>proditorie</span> <span class='ocrx_word' id='word_1_676' title='bbox 865 4797 1032 4860; x_wconf 77' lang='lat' dir='ltr'>proximum</span> <span class='ocrx_word' id='word_1_677' title='bbox 1067 4784 1221 4861; x_wconf 68' lang='lat' dir='ltr'>corianam</span> <span class='ocrx_word' id='word_1_678' title='bbox 1236 4783 1434 4859; x_wconf 82' lang='lat' dir='ltr'>excipiuntur</span> <span class='ocrx_word' id='word_1_679' title='bbox 1454 4781 1491 4848; x_wconf 96' lang='lat' dir='ltr'>ab</span> <span class='ocrx_word' id='word_1_680' title='bbox 1512 4783 1743 4864; x_wconf 74' lang='lat' dir='ltr'>immunitate,</span> <span class='ocrx_word' id='word_1_681' title='bbox 1763 4778 1797 4869; x_wconf 79' lang='lat' dir='ltr'>dt</span> <span class='ocrx_word' id='word_1_682' title='bbox 1818 4801 1837 4846; x_wconf 87' lang='lat' dir='ltr'>a</span> 
     </span>
     <span class='ocr_line' id='line_1_58' title="bbox 273 4857 1840 4954; baseline -0.003 -26"><span class='ocrx_word' id='word_1_683' title='bbox 273 4863 335 4932; x_wconf 82' lang='lat' dir='ltr'>atei</span> <span class='ocrx_word' id='word_1_684' title='bbox 356 4876 427 4930; x_wconf 76' lang='lat' dir='ltr'>uiri.</span> <span class='ocrx_word' id='word_1_685' title='bbox 919 4920 920 4924; x_wconf 74' lang='grc'>,</span> <span class='ocrx_word' id='word_1_686' title='bbox 1068 4867 1134 4951; x_wconf 82' lang='lat' dir='ltr'>iure</span> <span class='ocrx_word' id='word_1_687' title='bbox 1156 4857 1235 4935; x_wconf 79' lang='lat' dir='ltr'>asyli</span> <span class='ocrx_word' id='word_1_688' title='bbox 1247 4858 1437 4954; x_wconf 78' lang='lat' dir='ltr'>ecclesiastici</span> <span class='ocrx_word' id='word_1_689' title='bbox 1448 4860 1659 4925; x_wconf 83' lang='lat' dir='ltr'>excluduntur</span> <span class='ocrx_word' id='word_1_690' title='bbox 1669 4862 1840 4947; x_wconf 69' lang='lat' dir='ltr'>litierimi·</span> 
     </span>
     <span class='ocr_line' id='line_1_59' title="bbox 272 4936 1839 5105; baseline -0.004 -15"><span class='ocrx_word' id='word_1_691' title='bbox 272 4941 1032 5105; x_wconf 59' lang='lat' dir='ltr'>..id:iillli‘illilitliiir</span> <span class='ocrx_word' id='word_1_692' title='bbox 1048 4939 1237 5098; x_wconf 49' lang='lat' dir='ltr'>{didisti</span> <span class='ocrx_word' id='word_1_693' title='bbox 1252 4936 1654 5101; x_wconf 64' lang='lat' dir='ltr'>lll‘lililnlillil‘</span> <span class='ocrx_word' id='word_1_694' title='bbox 1667 4939 1839 5086; x_wconf 64' lang='lat' dir='ltr'>lillis}</span> 
     </span>
    </p>
   </div>
   <div class='ocr_carea' id='block_1_15' title="bbox 274 5092 1844 5284">
    <p class='ocr_par' dir='ltr' id='par_1_24' title="bbox 274 5092 1844 5284">
     <span class='ocr_line' id='line_1_60' title="bbox 274 5092 1838 5184; baseline -0.004 -12"><span class='ocrx_word' id='word_1_695' title='bbox 274 5104 338 5182; x_wconf 66' lang='lat' dir='ltr'>Res</span> <span class='ocrx_word' id='word_1_696' title='bbox 393 5103 710 5182; x_wconf 67' lang='lat' dir='ltr'>otiliiexpraiiea·</span> <span class='ocrx_word' id='word_1_697' title='bbox 733 5097 1063 5172; x_wconf 69' lang='lat' dir='ltr'>i&amp;ooaifimatiim&#39;·</span> <span class='ocrx_word' id='word_1_698' title='bbox 1095 5106 1130 5170; x_wconf 83' lang='lat' dir='ltr'>it.</span> <span class='ocrx_word' id='word_1_699' title='bbox 1165 5106 1196 5170; x_wconf 71' lang='lat' dir='ltr'>d·</span> <span class='ocrx_word' id='word_1_700' title='bbox 1226 5113 1255 5182; x_wconf 83' lang='lat'>3·</span> <span class='ocrx_word' id='word_1_701' title='bbox 1284 5100 1342 5168; x_wconf 73' lang='lat' dir='ltr'>tei</span> <span class='ocrx_word' id='word_1_702' title='bbox 1363 5100 1504 5184; x_wconf 52' lang='lat' dir='ltr'>‚criminis</span> <span class='ocrx_word' id='word_1_703' title='bbox 1529 5092 1606 5160; x_wconf 78' lang='lat' dir='ltr'>laesae</span> <span class='ocrx_word' id='word_1_704' title='bbox 1640 5095 1838 5180; x_wconf 77' lang='lat' dir='ltr'>Maiestatis,</span> 
     </span>
     <span class='ocr_line' id='line_1_61' title="bbox 317 5151 1844 5284; baseline -0.007 -28"><span class='ocrx_word' id='word_1_705' title='bbox 317 5151 703 5284; x_wconf 18' lang='lat' dir='ltr'>fibra—armaten.</span> <span class='ocrx_word' id='word_1_706' title='bbox 753 5175 891 5252; x_wconf 68' lang='lat' dir='ltr'>mvi.</span> <span class='ocrx_word' id='word_1_707' title='bbox 1122 5189 1138 5210; x_wconf 94' lang='lat'>··</span> <span class='ocrx_word' id='word_1_708' title='bbox 1198 5199 1200 5204; x_wconf 95' lang='lat'>·</span> <span class='ocrx_word' id='word_1_709' title='bbox 1370 5213 1379 5242; x_wconf 92' lang='lat'>.-</span> <span class='ocrx_word' id='word_1_710' title='bbox 1496 5171 1583 5256; x_wconf 75' lang='grc' dir='ltr'>ις</span> <span class='ocrx_word' id='word_1_711' title='bbox 1745 5183 1844 5280; x_wconf 58' lang='lat' dir='ltr'>qus</span> 
     </span>
    </p>
   </div>
   <div class='ocr_carea' id='block_1_16' title="bbox 0 0 2296 5992">
    <p class='ocr_par' dir='ltr' id='par_1_25' title="bbox 0 0 2296 5992">
     <span class='ocr_line' id='line_1_62' title="bbox 0 0 2296 5992; baseline 0 0"><span class='ocrx_word' id='word_1_712' title='bbox 0 0 2296 5992; x_wconf 95' lang='lat' dir='ltr'> </span> 
     </span>
    </p>
   </div>
  </div>
 </body>
</html>
