4584 5992
708 531 1576 619 Dasrrrourrrerosocm.11.
1722 547 1725 552 ’
1780 562 1863 641 245

364 637 463 707 titulo
483 636 522 703 de
543 633 757 719 Regularibur,
779 641 825 702 led
856 663 961 706 eorum
987 640 1036 704 vel
1060 660 1122 705 nnn
1140 659 1208 703 ‚tur
1237 658 1353 714 partem
1372 641 1404 700 in
1432 635 1625 701 Monasterio
1645 639 1790 721 peregit,
1816 643 1838 705 li
1861 638 1916 705 du·

363 720 589 785 oblervnntianr
617 723 666 782 vei
694 718 894 784 inefficaciam
925 723 1122 786 advertentes
1159 737 1246 784 rante
1274 719 1446 784 Norrrnru
1484 717 1522 781 de
1559 717 1707 783 mandato
1743 725 1914 799 Superioris

349 801 422 866 uu.
442 797 531 861 Trid.
548 798 679 861 Concidit
695 800 741 863 de.
754 821 900 865 revernnt
917 796 979 864 leli.
993 820 1040 881 ²5·
1058 824 1120 874 rap.
1157 802 1284 874 exierit,
1307 820 1342 863 ae
1357 799 1409 862 lob
1433 798 1514 860 illius
1535 798 1708 862 obedientia
1723 822 1762 864 ex
1780 810 1918 868 rationa-

365 899 415 958 η.
437 879 474 943 de
495 874 706 967 Regularilur3
729 882 779 945 Ne
795 882 828 948 ir
844 902 1024 959 quacumque
1040 880 1124 954 Reli·
1158 879 1209 943 bili
1229 879 1330 943 taulla
1347 880 1545 943 reliduoannr'
1558 895 1795 952 ternporeeiatra
1807 885 1917 948 Mona·

361 962 451 1043 glorie
468 975 530 1022 iam
548 977 789 1036 utrumquem
804 964 982 1039 mulierum,
1001 963 1052 1039 qui
1068 962 1124 1024 mi·
1159 959 1283 1022 sterium
1302 960 1473 1036 manlerir,
1501 958 1703 1022 Novitiaturn
1727 967 1852 1028 minime
1871 966 1918 1023 in·

364 1038 430 1105 ueri
445 1050 571 1117 tempere
591 1060 678 1116 quam
690 1060 741 1120 per
766 1064 877 1106 anirum
889 1045 942 1120 pust
960 1039 1124 1122 sulceplum
1160 1043 1346 1117 terrumpit,
1366 1044 1408 1101 ita
1428 1058 1462 1101 ur
1481 1037 1582 1101 valide
1604 1037 1665 1102 nost
1689 1060 1804 1105 annuin
1824 1042 1918 1117 profi·

323 1153 328 1160 ·
365 1119 500 1186 murm
519 1120 553 1179 in
573 1116 738 1196 probarique
756 1123 898 1203 stereria,
926 1122 968 1185 ad
987 1140 1066 1199 pror
1087 1144 1124 1184 ra·
1160 1124 1217 1182 reri
1241 1135 1354 1195 queat.
1374 1116 1423 1180 lta
1442 1117 1575 1181 testatur
1594 1115 1756 1195 Fagnanue
1773 1121 1843 1187 loco
1862 1126 1916 1186 cit.

365 1219 434 1265 nem
451 1198 651 1264 adunamur:
666 1199 791 1283 prufrffio
808 1214 908 1266 aulem
917 1200 1001 1284 saria
1038 1201 1123 1266 inul-
1160 1224 1189 1262 n.
1209 1199 1256 1280 38.
1279 1196 1459 1272 respondrffe
1475 1197 1503 1259 S.
1519 1196 1815 1274 Ctmgregationenr.
1835 1204 1921 1266 Van·

367 1283 417 1355 lu,
439 1278 609 1355 nullamque
640 1280 761 1345 inducar
790 1281 988 1372 obligationum
1008 1284 1049 1346 ad
1067 1279 1123 1344 ali·
1162 1277 1277 1355 Elpen.
1300 1278 1415 1341 Verum
1432 1277 1490 1339 hoc
1509 1279 1605 1340 currit
1627 1298 1664 1338 err
1688 1283 1750 1344 iure
1769 1285 1920 1359 autiq‘u0;

330 1371 335 1380 ·
365 1359 452 1426 euius
475 1358 597 1435 Regula
620 1364 674 1424 ‘uel
703 1362 860 1441 Religionis
885 1361 1123 1442 observantiam,
1161 1359 1208 1421 led
1228 1362 1315 1422 iuxta
1341 1376 1458 1421 novum
1482 1354 1632 1420 statutum
1657 1363 1700 1422 ius
1721 1383 1772 1437 per
1794 1363 1920 1427 decreta
2031 1387 2033 1391 ·

318 1469 336 1478 ··
366 1451 421 1505 aul
447 1438 490 1501 aa
514 1439 586 1501 alios
613 1439 800 1521 quoscumque
827 1442 969 1525 effeHue.
1001 1444 1126 1509 Annum
1153 1438 1328 1502 Clementia
1354 1435 1439 1499 wll.
1476 1434 1594 1500 Urbani
1624 1436 1707 1499 Vlll.
1746 1439 1919 1506 innocentii

367 1539 443 1591 aero
459 1516 642 1584 Nuntiatur
664 1522 812 1586 ilatutum
838 1546 855 1587 a
877 1522 1017 1587 Trident.
1035 1520 1125 1599 deber
1159 1519 1199 1582 X.
1216 1523 1248 1580 in
1269 1517 1381 1594 ltalia,
1401 1515 1570 1590 inluiiique
1590 1515 1798 1583 adiacentibus
1823 1569 1832 1600 ‚
1866 1521 1918 1584 ubi

366 1607 408 1670 ω’
426 1597 491 1661 elle
522 1603 702 1677 integrum,
733 1609 780 1666 ita
802 1617 837 1665 ut
868 1600 999 1666 deler‘lur
1028 1605 1126 1665 etiam
1161 1600 1226 1663 hac
1243 1599 1409 1664 novar'ura
1428 1600 1557 1673 uigent,
1577 1601 1728 1663 manendo
1748 1620 1836 1664 extra
1851 1601 1921 1665 Μο·
2001 1616 2011 1630 “

367 1681 458 1751 uulua
475 1676 558 1741 liorae
577 1679 717 1744 redderet
745 1679 957 1759 prol'ellionern
987 1682 1128 1759 nullam,
1161 1676 1350 1756 nasseriunr,
1379 1679 1538 1749 locumque
1560 1674 1746 1743 Novitiatue
1766 1683 1863 1744 etiarn
1883 1680 1920 1743 de

367 1759 431 1824 late
452 1756 544 1820 docet
564 1756 726 1839 Faguanus
743 1762 779 1826 ad
796 1784 862 1839 cap.
883 1763 944 1829 Ad
958 1762 1124 1843 nostram&
1164 1760 1288 1822 licentia
1309 1806 1320 1839 ‚
1347 1757 1381 1825 dt
1406 1753 1459 1820 sub
1473 1754 1645 1822 obedientia
1662 1759 1853 1838 Superioris,
1874 1763 1921 1822 in·

369 1837 406 1904 tle
429 1835 565 1916 Regulam
593 1839 700 1903 Annus
732 1841 918 1917 probariomr
944 1843 1033 1907 debet
1065 1841 1127 1904 effe
1162 1841 1362 1914 rerrnmpirur
1382 1835 1593 1925 Novitiatur„
1623 1858 1659 1901 ac
1692 1839 1816 1913 proinde
1837 1842 1930 1904 inte·'

368 1922 553 1992 euutinuur,
572 1916 606 1981 dt
627 1921 800 1984 nullatenus
822 1924 1009 1997 interruptor
1029 1970 1037 1999 ‚
1057 1923 1126 1984 iurr·
1161 1939 1212 1996 gre
1233 1917 1427 1983 innovandus
1441 1914 1502 1994 eli,
1525 1919 1579 1976 nilr
1603 1932 1706 1980 tamen
1725 1919 1837 1983 levitae
1856 1937 1921 1984 rna·
1951 1956 1961 1969 η

369 2014 402 2062 ta
425 2014 536 2059 omnea
558 1992 600 2061 fic
633 2002 874 2075 interpretantes
902 1998 1020 2077 scopum
1053 2001 1126 2078 legia
1161 2002 1249 2064 terim
1276 2047 1286 2077 ,
1317 1997 1368 2060 rel
1389 1994 1467 2062 iulia
1484 1994 1585 2060 caulia
1608 2015 1661 2060 aut
1685 1998 1844 2063 neceffitar
1867 2019 1921 2064 ex·

370 2075 562 2142 Tridentino
580 2076 691 2141 ··Non
709 2097 811 2145 tamen
838 2083 1060 2155 interrumpere
1080 2083 1125 2142 vi·
1160 2074 1271 2154 colet,
1298 2094 1335 2143 ut
1360 2092 1451 2142 notat
1478 2071 1649 2140 Passerinus
1675 2081 1792 2142 citatus
1821 2079 1869 2143 bic
1895 2099 1915 2142 a

370 2153 477 2232 detur,
497 2159 547 2231 qui
564 2157 596 2218 in
612 2157 797 2224 Monallerio
814 2159 951 2225 habiturn
966 2158 1126 2238 exuit,&
1160 2158 1334 2224 Rothario:
1356 2157 1437 2222 Nam
1462 2156 1580 2218 modica
1602 2155 1738 2222 absentia
1770 2158 1923 2223 aMona·

369 2236 466 2301 adbuc
495 2238 526 2297 in
559 2236 750 2303 Monailerro
777 2238 959 2316 consistens,
993 2241 1027 2305 dt
1053 2237 1123 2303 faui
1162 2240 1254 2304 llerio
1265 2259 1331 2302 non
1346 2239 1544 2314 interrumpit
1560 2235 1929 2303 moraliter.&eiuiliter'

370 2321 553 2394 penitens,
581 2316 644 2391 post
664 2319 784 2397 aliquot
805 2321 894 2386 horae
918 2320 1006 2384 iilum
1026 2320 1127 2383 denuo
1161 2319 1384 2383 Novitiatum:
1400 2318 1500 2393 Leges
1519 2318 1629 2391 enim,
1659 2318 1828 2381 cnirrlmodi
1849 2316 1922 2383 sunt

370 2394 487 2460 induit.
507 2394 538 2456 δῖ
556 2412 661 2461 tanuen
682 2402 784 2464 animo
803 2420 865 2463 non
889 2398 1032 2465 redeundi
1054 2398 1124 2462 exi·
1163 2401 1241 2477 leger
1257 2398 1442 2462 Novitiatus
1461 2444 1470 2472 ,
1487 2415 1617 2469 paruum
1644 2417 1698 2471 pro
1718 2398 1816 2462 nilrilo
1835 2410 1930 2475 repo-³

371 2475 1004 2556 teteCouventu,&polidiemrediret,
1024 2479 1126 2542 Noui·
1163 2495 1260 2543 tant.
1291 2479 1414 2541 idcireo
1432 2474 1566 2539 ablenria
1589 2476 1719 2538 duorum
1745 2478 1795 2540 vel
1823 2480 1926 2541 trium
1972 2476 1976 2490 '

372 2556 488 2620 tiaram
509 2558 687 2634 interrumpi
709 2556 1009 2624 affirmatSuareaius
1024 2558 1058 2624 dt
1076 2556 1127 2622 alii
1164 2558 1281 2622 dierum
1301 2606 1311 2634 ,
1334 2558 1371 2619 de
1389 2557 1514 2619 lieentia
1536 2573 1577 2617 err
1608 2554 1682 2618 iulia
1705 2556 1812 2619 rcarrlia
1834 2603 1843 2635 ,
1878 2554 1927 2620 est

371 2634 573 2701 eonrrrrlior
597 2642 699 2714 ,quia
721 2638 901 2703 verificatur
919 2637 1049 2701 desertio
1069 2634 1128 2700 fla·
1163 2638 1234 2713 quid
1267 2638 1428 2697 minimum
1463 2637 1495 2694 in
1525 2633 1649 2698 annuali
1675 2634 1857 2709 probatione
1885 2654 1923 2700 ae

373 2731 423 2780 tue
440 2732 534 2778 antea
551 2716 709 2790 assumpti.
729 2718 925 2782 Contrarium
941 2735 1045 2780 tamen
1065 2713 1129 2777 sen·
1164 2717 1348 2779 educatione
1372 2713 1528 2777 Novitii.
1556 2712 1639 2775 Hinc
1663 2732 1728 2777 non
1749 2714 1791 2778 eil
1813 2728 1926 2779 contra

325 2851 330 2860 .
373 2795 460 2858 tiunt
480 2793 726 2863 constitutiones
753 2798 957 2861 Eremitarum
980 2794 1009 2858 S.
1026 2795 1130 2876 Augu·
1166 2797 1262 2873 legem
1287 2793 1473 2858 Novitiarus
1502 2792 1605 2854 exitur
1627 2792 1754 2858 diurnus
1771 2814 1788 2856 a
1805 2794 1924 2859 Mona*

374 2870 444 2934 stioi
467 2895 494 2947 u
515 2890 544 2933 a·
565 2894 629 2949 cap.
653 2886 682 2952 3·
704 2874 753 2940 ubi
774 2875 946 2952 statuitur,
974 2875 1058 2954 polie
1081 2890 1130 2940 ta·
1166 2872 1283 2952 sterio,
1311 2895 1350 2937 ae
1378 2874 1448 2937 ideo
1467 2873 1549 2935 mirri
1581 2873 1678 2946 potest
1699 2872 1851 2938 Novitiae
1867 2894 1927 2936 re·

374 2949 613 3028 lemdilpenlari
636 2974 654 3016 a
676 2954 855 3021 renovando
875 2953 1075 3031 Novitiae,
1106 2952 1129 3015 fi
1164 2956 1327 3021 creationia
1345 2954 1442 3031 aratia
1463 2951 1499 3017 ad
1520 2953 1674 3025 vineam,
1706 2951 1740 3017 &
1764 2974 1924 3033 eampum.

373 3032 440 3095 eiua
468 3034 537 3094 vita
567 3030 602 3096 dt
620 3035 780 3100 conversio
808 3036 880 3099 talia
905 3032 998 3098 luerit
1018 3083 1028 3111 ,
1048 3031 1128 3111 quod
1167 3030 1248 3099 eru
1274 3051 1314 3098 eir
1333 3030 1404 3096 calo
1423 3030 1607 3096 accidentali
1630 3031 1762 3096 Novitii
1789 3032 1866 3096 milii
1884 3033 1922 3097 de

373 3108 516 3197 uideatur
532 3107 706 3176 discretioni
723 3117 835 3179 Priorir
850 3114 1059 3201 l’rouincialis
1074 3105 1130 3176 ml·
1165 3133 1255 3179 mane
1275 3111 1313 3179 ad
1333 3117 1488 3190 vineam,
1516 3108 1665 3174 reversuri
1686 3111 1722 3175 ad
1745 3112 1924 3188 vesperam.
1952 3143 1954 3147 ·

371 3185 559 3331 {ericordiler
583 3188 640 3270 effe
661 3191 911 3336 dilgensandum.
944 3193 1048 3258 Notat
1082 3191 1131 3255 hic
1166 3197 1194 3258 id
1210 3189 1313 3259 l'atere
1329 3210 1482 3268 nequeant
1497 3210 1535 3255 ea
1553 3188 1716 3266 improvisa
1732 3193 1832 3267 aliqua
1851 3212 1926 3256 con·

404 3266 581 3346 anElpen,
629 3275 688 3335 uod

376 3347 446 3412 data
465 3292 649 3415 Provincidli
670 3353 793 3418 videtur
809 3353 961 3426 indicare,
980 3373 1043 3416 nou
1062 3372 1131 3417 cre·
1166 3354 1362 3418 elementiam
1381 3397 1390 3426 ‚
1420 3351 1593 3425 pluviarum
1611 3352 1758 3436 copiam,
1787 3351 1835 3412 vel
1857 3354 1928 3432 quia

374 3426 481 3507 didille
495 3423 604 3491 {laturi
633 3429 715 3495 illiue
734 3430 908 3497 conditores
930 3479 941 3510 ,
968 3449 1009 3495 ex
1028 3447 1133 3493 mente
1169 3452 1222 3509 per
1239 3432 1304 3493 vim
1320 3431 1438 3493 detenti
1459 3424 1594 3506 luerint,
1610 3440 1675 3490 non
1692 3432 1759 3491 ideo
1779 3429 1929 3495 Novitia-

376 3504 507 3593 Coneilii
536 3506 623 3571 Trid.
650 3529 766 3575 annum
805 3511 993 3587 probationis
1027 3508 1135 3573 debere
1169 3529 1221 3574 tus
1240 3512 1429 3585 interruptus
1449 3505 1608 3594 censetur.
1627 3505 1711 3571 ltenr
1729 3508 1752 3570 si
1770 3506 1928 3574 noeeffittl

377 3585 439 3653 effe
464 3591 511 3651 ita
539 3590 720 3654 continuum
741 3637 752 3668 ,
778 3607 813 3656 ut
834 3589 884 3654 vel
912 3587 1031 3653 modica
1053 3588 1134 3651 illiue
1171 3590 1271 3665 aliqua
1289 3601 1410 3665 urgeam
1437 3603 1512 3663 puta
1530 3583 1718 3651 erovitiua
1736 3586 1772 3652 fre
1790 3593 1927 3665 proxime

378 3667 564 3743 interruptio
579 3665 784 3735 ‘Novitiatum
804 3668 980 3733 inchoatum
1008 3670 1136 3732 omnino
1170 3671 1338 3733 moriturus
1363 3714 1372 3742 ‚
1400 3664 1493 3740 uilia
1516 3664 1707 3731 Monalierio
1735 3668 1772 3732 de
1801 3669 1930 3734 licentia

378 3745 520 3811 redderet
548 3748 744 3820 invalidumr
775 3746 935 3825 Suppolrta
965 3750 1050 3812 enim
1080 3747 1135 3811 illa
1165 3749 1205 3814 ἀ
1225 3746 1373 3811 mandato
1387 3746 1554 3824 Superioris
1579 3763 1670 3812 exeat
1703 3749 1928 3824 permodicum

379 3826 526 3891 nullitate
548 3845 600 3899 uer
615 3826 788 3893 concilium
805 3826 942 3906 indulta,
963 3846 1024 3893 non
1041 3827 1135 3903 poflet
1171 3846 1310 3905 tempus,
1330 3830 1401 3902 quia
1431 3823 1590 3892 neeeffitas
1612 3847 1676 3891 non
1698 3826 1790 3892 habet
1812 3830 1820 3891 Ι
1859 3848 1929 3905 ern,

379 3905 580 3971 ermincialrr
598 3905 684 3983 luper
701 3930 785 3973 novo
801 3905 1137 3985 Novitiatudilpenla·
1172 3930 1229 3975 nec
1242 3908 1280 3970 in
1310 3908 1398 3984 boc,
1423 3905 1512 3971 sicuti
1538 3909 1570 3969 in
1599 3903 1809 3984 supradilliac
1843 3907 1929 3987 rbus,

380 4005 427 4053 te.
448 3985 481 4049 Si
501 3983 564 4062 poll
583 3987 743 4062 expletum
762 3994 915 4068 integrum
940 4008 1056 4053 annum
1080 3985 1138 4051 sta·
1171 3986 1333 4054 censentur
1358 3985 1529 4052 Pontifices
1558 3984 1617 4049 luia
1644 3987 1757 4066 legibue
1783 3987 1829 4051 ita
1853 3986 1930 4065 liga·

321 4125 324 4132 .
379 4068 441 4131 tim
459 4084 525 4131 non
545 4062 685 4143 sequatur
705 4067 863 4145 professio,
884 4070 955 4144 quia
975 4066 1138 4145 expedian-
1172 4087 1232 4143 re,
1262 4084 1298 4133 ut
1316 4086 1371 4140 pro
1385 4066 1505 4131 modico
1519 4083 1655 4140 ternpore
1671 4066 1847 4143 absentie,
1875 4066 1929 4131 vei

379 4143 581 4223 desitutus,
598 4145 804 4215 autobaliud
822 4148 950 4224 prudens
965 4151 1140 4224 motivum,
1172 4147 1211 4213 ob
1226 4144 1439 4211 necess'rrarem
1459 4147 1587 4222 propriae
1606 4147 1685 4210 uite
1710 4192 1718 4224 ‚
1737 4145 1788 4210 vel
1806 4166 1927 4212 recrea·

339 4271 341 4277 ·
380 4230 745 4372 marturii
765 4225 1139 4374 prii
1174 4226 1487 4369 iuuarint
1508 4221 1933 4370 ‘'iiriz·ri‘¹rui··

446 4327 454 4368 r
708 4327 1932 4374 reraman.usrr.·rcm·

382 4383 590 4465 congregatio
611 4353 738 4461 quisita
759 4391 795 4451 de
815 4328 1040 4465 interrupdione
1061 4354 1140 4450 litia
1176 4386 1275 4450 lerino
1289 4383 1426 4449 Bordon.⁴
1441 4385 1598 4449 Antonius
1620 4383 1771 4465 aSpiritu
1789 4385 1818 4450 ἃ
1835 4388 1890 4452 cit.
1912 4401 1933 4451 a

318 4543 320 4547 μ
382 4464 707 4532 abiendo-ordinis
726 4467 928 4531 Minimorum
951 4485 1142 4546 permotam
1179 4463 1276 4532 Roth.

381 4543 602 4611 inconvento
624 4545 752 4611 alterius
767 4546 912 4625 Ordinir,
932 4550 1140 4627 quemingre·
1215 4543 1295 4610 Cum
1311 4542 1496 4609 Tridentina
1520 4542 1659 4626 Synodus
1685 4544 1827 4610 statuerit
1849 4546 1934 4607 inte·

386 4626 416 4690 di
440 4624 618 4704 statuerat,
650 4627 693 4689 aa
712 4627 787 4691 duaa
806 4626 1029 4691 lautumiarum
1048 4673 1058 4705 ‚
1083 4625 1145 4706 pest
1180 4647 1265 4706 grum
1281 4643 1396 4689 annum
1412 4624 1626 4689 tantummodo
1643 4624 1680 4691 ad
1701 4624 1936 4702 probationem,

724 3294 769 3339 aec
793 3271 979 3349 dispensandi
999 3268 1132 3337 facuitaa
1167 3271 1445 3352 impertiemur,
1467 3285 1541 3348 puta
1569 3269 1610 3334 ob
1631 3266 1762 3334 lubitum
1783 3276 1859 3334 aeris
1880 3274 1928 3333 in·
2037 3331 2043 3344 ,

381 4724 458 4786 quaa
474 4704 660 4785 duriorem
675 4707 793 4784 rediit,
821 4729 897 4772 num
917 4706 1142 4772 teneraturde-
1180 4707 1250 4771 lieet
1266 4724 1331 4770 uon
1352 4703 1563 4780 reprobaverit
1581 4704 1697 4770 statuta
1717 4726 1753 4769 ac
1768 4703 1935 4766 conluetu·
2064 4746 2066 4751 -

384 4803 453 4851 uuo
466 4787 601 4881 incipere
615 4785 820 4854 Novitiatum
838 4836 847 4866 ,
867 4785 1028 4881 relpondit
1046 4788 1144 4851 teneri
1180 4786 1264 4849 diner
1285 4784 1414 4879 alicuius
1426 4784 1593 4880 ¹Ordinis,
1619 4788 1669 4877 qui
1698 4784 1765 4858 plna
1788 4782 1937 4856 temporie

381 4862 426 4931 ab
441 4883 481 4930 eo
500 4866 548 4930 dre
567 4914 576 4945 ,
602 4888 664 4944 quo
685 4863 820 4967 reverias
840 4865 884 4957 eil
900 4910 912 4957 ·.
930 4866 980 4932 Sit
996 4862 1091 4945 Fato.
1108 4863 1145 4949 ad
1182 4863 1486 4958 probationraflexrqat
1505 4888 1513 4939 ;
1543 4883 1606 4927 non
1626 4879 1672 4926 rta
1702 4881 1804 4925 tamen
1826 4861 1938 4926 valent

382 4946 1155 5106 euiirurirfuittuuit'uia
1181 4940 1664 5118 triumuirum
1683 4941 1938 5088 arentia

385 5103 451 5173 effe
475 5107 632 5200 videaur,
658 5109 737 5257 τιού
757 5111 813 5185 qai
842 5109 975 5185 aliquam
1000 5104 1148 5179 Novitia-
1184 5099 1371 5197 pruleffiouu
1393 5044 1495 5169 valide
1515 5097 1653 5181 profiteri
1672 5121 1738 5168 nou
1757 5096 1870 5181 poffit,
1890 5116 1940 5167 ta·

467 5185 659 5269 mTlreo
698 5188 811 5260 nunu
832 5184 927 5257 aon.
947 5182 1006 5253 vt.
1562 5180 1600 5257 Q
1637 5194 1655 5260 ς
1815 5176 1903 5246 metir
