4584 5992
721 501 1479 577 nninuuioauriim

327 602 408 670 desse
435 601 557 684 possunt
581 600 647 668 aliis
676 601 714 666 ad
751 601 1008 675 relaxationem,
1035 596 1087 664 seu
1120 601 1266 663 tionem.
1300 594 1429 676 indigne
1452 596 1537 661 enim
1567 592 1670 665 sertin
1697 600 1880 690 lantherus,

325 687 606 760 compensationem
624 701 722 757 prena
739 682 913 758 temporalis
934 728 941 756 ,
969 683 1021 742 via
1041 697 1087 744 et·
1122 679 1201 756 quod
1226 678 1294 743 Leo
1313 677 1351 740 Χ.
1376 675 1532 742 occasione
1556 678 1727 755 publicandi
1747 684 1779 746 iu
1799 682 1880 750 Ger.

325 772 386 832 iam
401 765 578 833 solutionis.
598 762 679 826 Cum
689 778 794 825 autem
805 782 865 826 non
877 760 1038 839 paucismt
1048 781 1088 824 ex
1122 761 1226 823 mania
1242 756 1381 835 quasdam
1399 756 1626 838 indulgentias,
1651 781 1714 825 non
1735 760 1878 908 Augffli'

325 849 464 921 Sandis,
487 847 536 921 qui
556 841 614 907 suis
635 836 884 906 satissatlionibus
908 888 917 916 ,
937 838 969 905 ἀ
989 843 1088 913 operi·
1122 842 1216 902 niano
1231 839 1364 915 omini,
1382 834 1471 901 sicuti
1489 858 1557 905 tuos
1584 859 1677 917 erat,
1699 841 1749 907 sed
1765 846 1802 907 Pr
1851 844 1879 906 i·

325 931 382 991 bus
411 927 501 992 bonis
527 924 593 1000 plus
623 920 746 986 solvunt
773 924 933 998 temporali
967 939 1067 996 prenae
1079 968 1089 999 ,
1120 938 1261 984 catorum
1280 918 1421 983 Faiuiliae
1441 917 1522 982 banc
1543 921 1740 985 Provinciam
1756 924 1879 988 deman·

324 1029 416 1081 otiam
436 1024 544 1071 revera
565 1002 696 1067 debeant
727 1022 781 1078 pio
808 1022 915 1065 eorum
936 1005 1086 1078 peccatis,
1119 997 1237 1078 dasset,
1257 998 1477 1074 reprehendere
1494 1001 1595 1077 erepit
1612 999 1879 1081 indulgentiarum

323 1088 412 1153 sicuti
433 1086 564 1163 contigit
589 1087 620 1146 in
643 1082 678 1146 B.
701 1083 825 1159 Virgine
849 1130 857 1158 ,
885 1100 953 1157 quae
984 1082 1090 1143 multo
1122 1078 1323 1159 abusum&
1343 1100 1360 1143 a
1379 1076 1608 1157 reprehensione
1624 1078 1879 1163 abususprogus

323 1169 391 1247 pius
412 1163 510 1229 soluta
526 1160 587 1242 eil,
608 1184 700 1238 quam
716 1159 873 1236 debuerit,
892 1179 1002 1234 utpote
1018 1179 1086 1249 oute
1120 1158 1169 1223 sus
1191 1159 1235 1224 eil
1265 1161 1301 1224 ad
1328 1160 1457 1237 ipsarum
1485 1158 1752 1239 indulgentiarum
1776 1182 1879 1239 repre·

321 1248 401 1309 nulli
435 1242 555 1321 prorsus
588 1244 685 1319 coipoe
717 1240 781 1306 sive
812 1240 995 1320 originali,
1022 1243 1085 1305 siue
1121 1239 1311 1319 sensionem,
1332 1239 1879 1318 eascaiumniando,ips'amqueEc·

323 1326 432 1391 asinali
454 1319 670 1397 suitinsedla,
702 1320 1086 1398 ini.10anneiiaptiita,
1119 1320 1243 1386 ciesiam
1270 1342 1287 1385 a
1318 1340 1379 1397 qua
1412 1317 1645 1400 dispensentur,
1675 1321 1878 1398 improbando

324 1412 374 1481 oui
403 1411 433 1468 in
463 1419 610 1466 materno
635 1422 729 1468 utero
761 1398 990 1481 sardlificatus,
1020 1419 1085 1464 tam
1116 1405 1201 1476 prius
1232 1400 1439 1479 indulgentias
1462 1418 1620 1479 tamquam
1640 1403 1709 1479 pias
1735 1395 1879 1468 Ecclesia

322 1485 449 1630 isias
471 1481 587 1638 {isis
607 1479 1085 1638 liliuffifiil¹¹iiiaisi
1118 1478 1880 1638 illisis?iiiiiit‘siliiiiislila

1796 1609 1804 1638 1

323 1663 394 1724 tus;
415 1648 447 1706 in
464 1639 638 1720 Aposiolis,
663 1663 698 1706 ac
718 1641 928 1721 Martyribus,
949 1646 999 1718 qui
1017 1642 1083 1718 plu·
1117 1658 1154 1705 ut
1181 1663 1278 1706 nieras
1298 1639 1485 1706 Pontificum
1502 1640 1700 1719 imposturas,
1724 1640 1877 1710 Fideiibut

324 1728 403 1788 rima
420 1721 526 1800 aspera
553 1723 586 1788 ὰ
616 1721 728 1786 acerba
754 1721 938 1786 sustulerunt
959 1766 970 1797 ,
992 1742 1084 1798 quam
1117 1742 1182 1785 non
1202 1720 1298 1787 solnm
1325 1721 1440 1784 nullius
1462 1722 1633 1797 utilitatis,
1662 1726 1757 1789 immo
1780 1743 1876 1794 ηοω·

319 1824 427 1868 eorum
447 1824 565 1884 crimes
593 1819 811 1866 mererentur:
836 1801 932 1865 icitur
952 1806 1083 1876 merita,
1112 1805 1213 1865 nienti
1231 1801 1323 1867 saluti
1344 1799 1515 1876 Fidelium,
1530 1820 1641 1876 utpote
1651 1806 1701 1880 qui
1718 1802 1877 1879 decipiun-

322 1905 357 1948 ac
379 1883 549 1961 passiones,
568 1902 636 1959 quae
658 1885 689 1944 in
710 1881 825 1946 Sandis
843 1850 1082 1974 superabundant
1117 1899 1170 1946 tur
1190 1877 1295 1945 saliari
1317 1879 1365 1958 spe
1380 1880 1596 1958 consequendae
1614 1880 1794 1947 remissionis
1810 1902 1880 1958 W·

321 1983 431 2028 eorum
446 1963 578 2040 debito,
614 1964 735 2039 possunt
763 1964 829 2025 aliis
850 1965 903 2026 via
925 1959 1082 2025 solutionis
1117 1983 1165 2025 nae
1187 1963 1383 2037 temporalis,
1404 1981 1472 2037 quae
1489 1984 1561 2026 cum
1582 1963 1698 2028 divinae
1726 1962 1875 2028 debeatur

320 2046 561 2120 communicari,
582 2042 615 2107 dt
633 2041 690 2105 boc
709 2042 909 2107 confirmatur
925 2063 942 2105 a
959 2042 987 2103 S.
1006 2044 1082 2104 Pon·
1116 2038 1259 2118 iustitiae,
1280 2044 1461 2117 neutiquam
1478 2042 1515 2107 ab
1533 2040 1688 2119 Ecclesia,
1705 2040 1753 2105 sed
1770 2063 1788 2106 a
1807 2042 1876 2108 solo
1902 2104 1907 2115 ,

321 2121 477 2187 tificePio
500 2122 536 2185 V.
567 2127 598 2184 in
624 2121 838 2199 proscriptione
869 2120 1081 2198 propositionis
1115 2122 1184 2184 Deo
1209 2124 1327 2187 remitti
1357 2119 1477 2197 potest·
1505 2123 1602 2189 Hunc
1628 2121 1756 2187 Lutheri
1786 2142 1874 2188 etro·

323 2203 374 2264 60.
396 2200 464 2266 Bali
486 2250 494 2278 ,
515 2204 546 2263 in
567 2222 626 2278 qua
649 2201 687 2265 sic
705 2202 855 2267 habetur:
879 2203 935 2266 Per
948 2202 1081 2281 pafflones
1116 2222 1181 2263 rem
1202 2203 1334 2277 amplexi
1351 2200 1439 2279 sunt,
1458 2201 1493 2266 δι
1513 2207 1626 2269 acriter
1644 2216 1875 2282 propugnarunt

321 2284 496 2347 Sandiorum
515 2281 548 2344 i'n
563 2281 765 2362 indulgentiis
784 2282 1008 2347 communicatas
1025 2303 1081 2344 non
1096 2307 1098 2314 ’
1114 2282 1306 2360 zwinglius,
1322 2281 1356 2347 ἀ
1373 2281 1544 2346 Calvinus.

319 2360 434 2441 proprie
453 2360 646 2426 redimuntur
671 2364 765 2440 nostra
792 2363 925 2427 aetina:
950 2359 1006 2442 sed
1029 2378 1082 2439 per
1155 2363 1264 2436 Quoad
1290 2359 1375 2425 usum
1399 2381 1476 2426 vero
1499 2360 1761 2441 indulgentiarum
1782 2358 1876 2426 sicile

321 2440 551 2506 communionem
567 2437 719 2508 charitatis
735 2442 813 2507 nobis
832 2462 933 2508 eorum
944 2440 1081 2523 paffiones
1115 2443 1221 2504 videre
1248 2440 1311 2521 eil,
1335 2462 1428 2518 quam
1453 2441 1636 2508 hallucinati
1665 2441 1724 2504 sint
1748 2440 1876 2517 quidam

319 2521 551 2598 impertiuntur,
570 2535 605 2587 iti
621 2522 702 2603 digni
713 2525 894 2605 fimus,qui
906 2525 1002 2601 pretii>
1011 2520 1080 2599 san·
1113 2519 1312 2599 Scholastici,
1332 2538 1476 2599 putantes
1497 2522 1583 2585 usum
1606 2520 1874 2598 indulgentiarum

340 2600 422 2663 uinis
442 2600 548 2684 christi·
566 2602 756 2683 upoenispro
771 2602 898 2685 peccatis
915 2601 1021 2666 desitis
1041 2599 1079 2663 li·
1114 2598 1268 2664 nonnisia
1293 2605 1445 2664 sexcentis
1475 2607 1561 2664 annis
1587 2600 1748 2663 invaluisse
1765 2605 1795 2664 in
1817 2599 1875 2664 Et·
1985 2677 1988 2682 Ι

316 2621 472 2744 sciemur.
1113 2677 1225 2753 alesia,
1240 2681 1290 2741 vei
1307 2697 1342 2742 ut
1359 2680 1520 2744 contendit
1536 2679 1712 2743 Kemnitius
1726 2681 1873 2755 quadrin-

359 2757 453 2820 Unde
483 2775 569 2832 patet
592 2781 632 2823 ex
655 2764 717 2822 iani
741 2759 853 2834 distis,
885 2754 1076 2822 Tbesaurum
1114 2760 1214 2836 gentis
1235 2758 1399 2821 dumtaxat
1417 2759 1503 2820 annis
1520 2778 1595 2824 ante
1615 2754 1874 2825 millesimumdu·

321 2832 463 2898 Ecclesiae
485 2837 623 2900 constare
647 2837 1081 2915 primario,&essentialiter
1113 2833 1313 2899 centesimum
1341 2836 1416 2899 idest
1448 2836 1534 2900 Viil.
1571 2836 1712 2902 Ecciefiae
1742 2836 1874 2905 saeculo·

320 2933 360 2976 ex
380 2916 523 2992 meritis,
551 2915 585 2979 δε
603 2915 858 2979 satissatiioni'bus
878 2915 988 2979 Chrisli
1016 2916 1079 2980 Du·
1111 2915 1162 2978 iix
1180 2934 1220 2978 eo
1249 2934 1352 2980 tanen
1376 2919 1528 2996 contingit
1559 2915 1639 2994 quod
1662 2918 1718 2981 hoc
1740 2916 1889 2988 inficiatiae

317 2994 411 3068 mini,
431 3012 500 3066 quae
520 3013 590 3057 cum
607 2994 665 3059 sint
685 2995 797 3058 valoris
815 2995 950 3073 infiniti,
967 2995 1079 3060 consii-
1113 2994 1184 3058 sunt
1205 2999 1255 3070 qui
1283 2999 1327 3060 ita
1347 2995 1384 3059 de
1405 2995 1673 3076 indulgentiarum
1702 2993 1755 3062 usu
1774 2995 1872 3064 sense·

316 3089 412 3136 tuunt
442 3068 636 3138 Thesaurum
661 3073 916 3139 inexhauribiiem
938 3098 947 3151 ;
975 3076 1079 3140 secun·
1114 3091 1204 3153 runt,
1224 3078 1295 3154 quia
1316 3072 1470 3141 nonsatis
1490 3076 1694 3141 observarunt
1715 3076 1871 3143 diversum

316 3149 404 3215 dario
426 3170 528 3230 vero,
559 3154 663 3233 &per
685 3154 822 3222 accidens
846 3175 886 3219 eit
902 3158 1023 3220 meritis
1042 3157 1078 3221 B.
1113 3156 1240 3219 modum
1257 3156 1442 3220 concedendi
1463 3155 1673 3237 indulgentias
1700 3151 1753 3221 sub
1773 3161 1870 3222 certis

315 3229 361 3292 M.
372 3225 525 3309 Virginis,
541 3238 736 3311 omniumque
747 3233 944 3300 Sanslorum.
961 3237 1079 3309 Quam·
1111 3235 1364 3311 conditionibus,
1385 3234 1418 3300 ἃ
1433 3239 1577 3314 operibus
1596 3240 1646 3313 qui
1667 3235 1779 3301 saecuio
1798 3236 1872 3303 xil.

317 3314 365 3375 via
384 3315 466 3374 enirn
484 3309 697 3402 satissasiiones
718 3314 856 3393 Christi,
877 3334 988 3391 utpote
1008 3315 1078 3381 insi·
1113 3313 1337 3393 usurpabatur,
1362 3316 1581 3394 &simplicem
1608 3316 1871 3394 Indulgentiaruru

317 3395 417 3466 nita,
436 3391 473 3454 de
491 3389 710 3470 seiuiiiciant,
728 3394 1023 3473 &superabundent
1041 3399 1079 3462 ad
1112 3392 1215 3472 usum,
1245 3398 1297 3473 qui
1317 3417 1388 3459 cum
1410 3392 1471 3471 ipsa
1492 3397 1621 3462 Ecclesia
1650 3413 1758 3460 ortum
1782 3393 1871 3461 sumn

316 3469 561 3558 constituendum
582 3470 766 3548 spiritualem
783 3475 923 3540 Eccieiiae
942 3474 1085 3541 Thesau‘·
1111 3476 1265 3540 obtinuit.
1290 3476 1416 3538 Certum
1435 3479 1545 3554 quippe
1562 3476 1626 3554 eil,
1645 3480 1739 3540 etiam
1759 3478 1870 3552 priori·

316 3570 387 3613 rum
406 3549 606 3614 sussicientem
625 3603 633 3626 ,
653 3555 687 3620 ἀ
708 3554 1002 3629 superabundantem
1024 3579 1080 3636 pro
1112 3555 1167 3619 bus
1185 3554 1324 3621 Ecclefiae
1345 3552 1462 3620 saeculis
1482 3554 1636 3621 concessas
1657 3555 1746 3621 luisse
1766 3555 1870 3622 indui·

317 3629 479 3697 omnibus,¹
502 3651 669 3710 congruum
690 3650 791 3697 tamen
811 3631 872 3699 suit
895 3654 958 3712 ,ut
978 3657 1017 3700 eir
1035 3638 1079 3700 di·
1130 3638 1253 3711 entias,
1270 3655 1307 3699 ut
1326 3634 1437 3701 sedium
1457 3633 1519 3702 suit
1537 3658 1554 3701 a
1570 3636 1702 3701 Paicbali
1729 3634 1788 3714 11.,
1808 3634 1871 3701 Ur·

318 3713 394 3804 uiua
410 3710 589 3788 dignatione
608 3713 645 3776 ad
665 3713 912 3804 constituendum
928 3716 1007 3781 hunc
1024 3714 1080 3795 spi·
1110 3656 1192 3782 bano
1213 3714 1286 3794 iii,
1306 3716 1408 3793 Sergio
1428 3715 1506 3795 iii.,
1522 3716 1562 3781 .&
1581 3720 1733 3796 precipue
1754 3737 1771 3781 a
1788 3718 1871 3782 Leo-

315 3789 461 3854 ritualem
483 3790 623 3857 Ecclesiae
645 3792 839 3858 Thesaurum
858 3796 1079 3863 aslumerentur
1111 3816 1151 3860 ne
1170 3796 1224 3859 lli.
1246 3800 1298 3873 qui
1319 3795 1417 3860 sedem
1439 3800 1523 3862 Petri
1544 3801 1647 3861 tenuit
1666 3796 1873 3875 quadringen·

316 3867 645 3937 etiamsatissasiiones
665 3873 860 3951 Studiorum,
882 3894 920 3939 ne
942 3878 1076 3953 alioquin
1111 3879 1151 3939 tis
1182 3879 1271 3940 annis
1302 3893 1375 3941 ante
1402 3877 1601 3942 millesimum
1631 3874 1871 3940 ducentesimum

316 3969 422 4013 eorum
439 3956 576 4026 merita,
605 3953 638 4018 bt
656 3951 872 4019 sarissasiiones
894 3958 993 4032 quoad
1014 3961 1078 4021 vim
1112 3973 1257 4021 notatum
1277 3978 1295 4021 a
1315 3956 1489 4024 Kemnitio.
1511 3957 1582 4022 Mos
1599 3976 1698 4031 vero,
1719 3953 1770 4019 seu
1801 3952 1871 4022 usus

317 4025 547 4094 satissasioriam
580 4054 597 4096 a
632 4035 698 4100 Deo
726 4040 948 4099 irremunerata
979 4057 1078 4103 rema·
1110 4037 1296 4099 concedendi
1314 4035 1525 4114 indulgentias
1542 4036 1595 4099 snb
1610 4040 1701 4099 certis
1717 4035 1872 4098 conditio·

319 4127 414 4170 neant
433 4157 440 4184 ,
469 4110 502 4174 bt
526 4115 677 4188 praeciuue
693 4134 728 4180 ut
745 4120 840 4179 etiam
860 4134 912 4189 per
938 4115 996 4181 boc
1013 4139 1076 4182 ma·
1111 4116 1198 4179 nibus
1214 4115 1248 4181 bt
1263 4117 1420 4193 operibus,
1445 4120 1541 4190 coepit
1557 4137 1576 4181 a
1594 4114 1779 4179 militaribus
1805 4117 1871 4192 spe·

316 4188 528 4330 &cloccum
557 4191 688 4270 perfetta
716 4197 790 4258 unio
810 4194 988 4260 Sanslorum
1008 4219 1078 4262 cum
1110 4197 1276 4258 ditionibus
1300 4196 1518 4260 Cruciatorum
1539 4197 1569 4258 in
1602 4193 1795 4260 Palaestinam
1817 4216 1873 4273 pro

366 4264 439 4329 tilio
459 4274 563 4348 capite
584 4270 636 4337 sno
657 4323 665 4352 ,
685 4272 718 4339 dt
740 4273 916 4357 inmyilico
938 4276 1077 4344 Ecclesiae
1111 4274 1321 4350 recuperandis
1355 4275 1392 4338 ab
1423 4276 1596 4350 infidelium
1629 4275 1768 4339 manibus
1796 4276 1873 4340 iocis

310 4367 447 4441 torpore
463 4345 597 4423 persesta
627 4353 767 4417 servetur
791 4355 969 4419 Sandiorum
992 4379 1077 4422 com·
1111 4372 1205 4419 ternae
1226 4354 1356 4432 saudim
1383 4357 1457 4434 quia
1487 4359 1522 4418 in
1547 4354 1642 4418 Bullia
1671 4355 1872 4420 institutionis

317 4448 441 4498 munio.
459 4427 513 4519 Sic
534 4434 565 4496 P.
581 4430 746 4500 Ferreum
762 4432 812 4501 sua
826 4435 974 4503 biblioth·
992 4440 1075 4506 verb.
1109 4434 1268 4500 Cruciatae
1286 4440 1386 4503 uaria
1403 4436 1650 4501 concedebantur
1671 4435 1874 4513 indulgentia

317 4508 518 4588 indulgentia.
1109 4516 1165 4594 iis,
1196 4517 1246 4592 qui
1274 4516 1323 4580 vei
1347 4517 1469 4581 militie
1494 4513 1792 4595 crucesignatorum
1817 4536 1873 4579 nu·

1108 4617 1179 4660 men
1202 4594 1338 4674 dabant,
1364 4597 1414 4661 vel
1435 4613 1556 4661 certam
1577 4592 1873 4672 pecuniaesurrrnam

624 4680 653 4741 §-
697 4672 768 4739 iii.
1110 4698 1165 4755 pro
1183 4676 1295 4741 talibus
1310 4676 1556 4754 expeditionibus
1573 4677 1798 4755 largiebantur.

354 4790 398 4852 a
412 4787 569 4871 im,
584 4788 625 4858 a
645 4790 853 4883 usum
870 4796 1043 4863 ,mm
1115 4756 1268 4902 ,iiie
1290 4752 1875 4903 lisinae·

579 4872 810 4954 I'dulgmm’
1109 4922 1195 4981 mino
1216 4858 1393 4980 cossserendi
1426 4858 1654 5001 indulgbntias,
1679 4913 1732 4981 seu
1757 4912 1876 4990 dispen-

358 4983 405 5051 ab
429 4986 697 5070 indulgentiarum
722 4991 955 5071 impugnatione
979 5012 1029 5057 (ω
1051 4993 1076 5056 it
1111 4995 1193 5061 sandi
1212 4996 1365 5061 fidelibus
1388 4997 1532 5061 Ecclesia
1549 4992 1873 5073 Thesaurum,eaque

318 5064 472 5137 Lutherus
492 5067 578 5139 suam
604 5092 624 5141 a
644 5072 808 5142 Catholici
832 5069 966 5142 Ecclesia
978 5015 1077 5139 desr·
1112 5076 1366 5156 constanter,.ac
1378 5094 1536 5155 ,perpetuo
1553 5072 1637 5140 usam
1653 5071 1743 5142 suisie
1763 5072 1876 5142 Eccle-

1485 5156 1576 5222 Aa
1736 5149 1836 5229 siam,
1907 5165 1920 5210 .’
2008 5195 2011 5204 .
