4584 5992
377 558 481 712 musis,
497 625 776 695 Constitutionibus
791 623 917 688 Ordinis
946 623 980 688 dt
1000 623 1133 702 Regula·
1171 624 1282 688 larium
1303 622 1442 689 Faciesiae
1462 644 1524 687 noti
1555 618 1709 688 subiacent
1738 623 1927 710 Clausirae‘,

377 741 464 787 rum,
1170 708 1216 769 ita
1233 725 1287 767 nec
1308 703 1466 768 Sacristia.
1485 704 1524 766 Et
1546 703 1805 775 bancopinionem
1816 712 1920 774 multis

416 796 531 857 Verum
545 790 617 852 licet
635 785 671 850 ad
691 785 874 864 Regularem
894 782 1058 846 Ptaelatum
1071 776 1140 856 spe-⁸
1171 784 1338 846 rationibus
1358 783 1463 856 probat
1484 781 1640 846 Donatus.
1663 784 1777 849 Verum
1805 791 1927 862 quidem

375 876 437 939 stet
467 866 643 932 Clausutam
667 884 733 928 tum
762 862 1133 926 neceilariamiumarbi'-
1169 862 1241 938 eii,
1270 880 1304 925 ut
1329 883 1435 924 omnes
1463 880 1573 926 notant
1604 863 1669 924 ui).
1690 913 1699 938 ,
1723 866 1833 929 decens
1863 888 1924 929 non

376 952 506 1019 trariaoi
523 947 678 1020 statuere,
695 960 844 1017 quantum
865 959 967 1005 tamen
981 940 1016 1003 ad
1033 938 1130 1003 neces·
1168 944 1282 1003 esseut
1305 941 1406 1014 passim
1426 942 1600 1005 mulieribus
1621 944 1751 1008 accessus
1769 952 1799 1006 in
1828 946 1923 1008 Sacri·

375 1032 505 1105 sariam,
524 1025 680 1103 postquam
698 1025 766 1086 e'am
784 1018 883 1096 posuit
902 1020 1133 1096 acdelignavit,
1169 1018 1257 1084 iliam
1272 1023 1473 1096 concedatur,
1489 1043 1559 1084 cum
1576 1023 1633 1085 hoc
1655 1020 1719 1085 fieri
1739 1043 1870 1099 nequeat
1889 1023 1923 1087 si·

375 1131 412 1177 ut
432 1112 499 1174 sunt
520 1104 709 1169 Dormitoria
724 1149 733 1177 ,
746 1103 894 1165 interiota
909 1098 1066 1175 Claullra,
1086 1103 1133 1160 in·
1169 1120 1207 1163 ne
1238 1102 1426 1163 laecularium
1450 1101 1680 1177 admiratione,
1707 1101 1740 1167 dt
1756 1103 1819 1165 line
1838 1103 1921 1165 Reli·

374 1195 505 1255 rariores
521 1183 672 1259 officina,
692 1180 727 1246 at
746 1177 871 1258 similia,
892 1181 952 1242 iani
973 1195 1059 1251 patet
1070 1198 1131 1240 non
1168 1177 1318 1253 giosorum
1339 1178 1586 1253 perturbatione.
1607 1181 1667 1242 Alii
1685 1201 1828 1246 econtra
1850 1232 1858 1257 ,
1886 1198 1921 1246 iit

375 1269 459 1348 posse
476 1286 544 1330 eain
566 1265 703 1336 variare,
726 1262 802 1333 uui!
816 1280 884 1322 cum
901 1259 1038 1321 totaliter
1057 1280 1131 1334 pen·
1168 1258 1353 1335 Bonacina,
1384 1259 1521 1321 sincnez
1546 1307 1553 1332 ,
1580 1261 1799 1338 contendunt,
1823 1263 1922 1324 Sacri·

373 1349 446 1413 deat
463 1369 480 1411 a
501 1349 566 1407 iure
586 1341 760 1414 communi,
782 1358 844 1400 nou
865 1358 883 1402 a
898 1338 1065 1412 Superioris
1085 1358 1130 1399 at·
1168 1337 1270 1411 sliam,
1287 1336 1405 1400 tametsi
1418 1337 1578 1400 habentem
1591 1339 1738 1414 duplicem
1750 1339 1922 1418 ingressum,

374 1428 485 1501 bitrio,
507 1420 695 1485 invariabilis
712 1416 772 1480 esi.
795 1417 886 1480 Circa
909 1436 983 1480 vero
1003 1416 1131 1477 Clausu-
1167 1437 1262 1478 unum
1283 1415 1481 1491 conventui,
1502 1418 1632 1478 alterum
1654 1418 1814 1497 Ecclesia,
1830 1424 1862 1480 in
1885 1423 1923 1483 ti·

374 1527 442 1571 ram
464 1502 671 1574 arbitrariam,
693 1498 757 1560 hzc
777 1495 819 1558 ell
840 1495 1030 1558 invariabilis
1055 1517 1126 1569 quo·
1165 1516 1237 1572 gore
1256 1496 1314 1560 dici
1336 1517 1400 1558 non
1417 1498 1497 1571 polle
1513 1514 1631 1572 partem
1653 1497 1792 1562 Ecclesiae
1813 1548 1821 1575 ,
1849 1499 1925 1563 sicut

373 1586 412 1650 ad
432 1583 596 1647 Ptaelatum
613 1574 868 1650 inferiorem‚ita
893 1592 926 1636 ut
945 1573 992 1635 liic
1009 1579 1130 1636 variare
1166 1580 1385 1637 dicuntureius
1406 1574 1570 1640 altaria&
1591 1576 1725 1651 Sacella,
1755 1578 1787 1640 dc
1821 1576 1928 1651 proba·

370 1679 504 1739 nequeat
524 1658 600 1722 sities
616 1652 771 1719 Clausutae
789 1651 940 1729 impositos
962 1674 979 1714 a
1001 1653 1130 1716 Praelato
1165 1652 1251 1715 bilius
1272 1654 1344 1716 dicit
1367 1654 1520 1716 Bonacina
1546 1674 1664 1729 partem
1688 1661 1747 1717 eile
1767 1656 1922 1720 Monasle·

369 1739 424 1806 sibi
445 1741 628 1817 superiore,
657 1737 741 1798 cuius
767 1734 847 1810 leges
876 1730 1025 1795 culludire
1046 1750 1127 1795 tene·
1168 1736 1224 1805 rii,
1249 1753 1282 1795 ac
1306 1738 1372 1795 eius
1403 1738 1581 1795 interiorem
1609 1732 1841 1820 officinam,in
1862 1756 1922 1809 oua

368 1840 440 1899 ιιιι,
457 1841 514 1885 nec
529 1819 651 1881 irritare
680 1816 793 1882 valet,
823 1832 857 1876 ac
881 1811 1005 1885 proinde
1036 1812 1128 1885 Supe·
1165 1813 1339 1886 pretiosiora
1364 1814 1556 1877 asservantur
1576 1833 1775 1885 ornamenta,
1802 1814 1920 1890 Etxhu-

268 1922 270 1934 ¹
367 1904 433 1967 tior
450 1897 555 1963 localis
571 1892 738 1972 dispensate
754 1896 860 1967 nequit
883 1893 912 1951 in
946 1890 1011 1966 lege
1039 1890 1125 1953 Clau·
1165 1890 1243 1954 iul'ce
1264 1895 1376 1953 mentis
1404 1894 1526 1954 videtur
1554 1888 1640 1954 soille
1668 1892 1740 1956 sacr.
1769 1893 1920 1974 congreg.

368 1980 573 2055 sutae‚quam
594 1971 657 2051 ipse
678 1993 740 2037 nou
764 1966 918 2047 imposuit·
941 1967 1039 2032 Potest
1061 1972 1126 2044 qui·
1165 1970 1335 2043 Episcopon
1357 1971 1389 2034 ἃ
1412 1972 1553 2046 Regulat.
1576 1992 1662 2047 oiiae,
1693 1971 1766 2034 teile
1791 1971 1918 2036 Gavan·

367 2062 439 2124 dem
459 2060 536 2121 hanc
554 2057 695 2128 variare,
715 2054 763 2127 qui
785 2070 854 2113 eam
870 2046 1012 2121 imposuit
1035 2095 1044 2126 ,
1074 2068 1125 2110 no
1164 2068 1216 2126 ιο,
1230 2049 1398 2113 declaravit
1415 2050 1584 2113 Sacrisliam
1602 2051 1819 2127 Religiosorum
1837 2072 1920 2114 com-

367 2143 418 2204 vis
439 2133 545 2201 caussis
561 2131 782 2208 emergentibus
803 2129 898 2204 quoad
923 2123 1125 2205 spatia,quae
1162 2129 1303 2202 prehendi
1326 2129 1378 2192 lub
1404 2129 1551 2193 Clauluta
1572 2130 1606 2189 18
1641 2130 1737 2203 April.
1768 2133 1853 2207 r605.
1883 2130 1919 2196 dc

366 2219 404 2282 de
426 2223 493 2277 iure
513 2215 665 2277 communi
687 2209 756 2273 sunt
778 2209 911 2284 expresse
930 2206 1126 2279 comprehen·
1164 2225 1209 2269 io.
1236 2207 1359 2280 August.
1386 2212 1473 2285 1615.
1497 2214 1528 2271 in
1557 2209 1764 2271 Sulmonensi.
1786 2210 1842 2273 Sed
1862 2232 1917 2272 no·

368 2300 400 2360 la
417 2293 468 2358 sub
488 2296 610 2354 nomine
630 2287 811 2364 Claulutae,
831 2309 900 2352 cum
921 2308 966 2350 res
983 2308 1035 2362 per
1053 2307 1126 2360 quas
1162 2305 1209 2349 tat
1230 2290 1262 2350 Ρ.
1279 2285 1413 2353 Ferraria
1435 2311 1466 2350 in
1487 2289 1539 2351 sua
1561 2288 1703 2351 Bibliotli.
1724 2311 1754 2351 v.
1784 2294 1915 2354 Conven-

335 2436 337 2442 .
368 2374 488 2439 caussas
507 2369 642 2434 nascitur
659 2388 771 2446 pereas
785 2365 980 2433 dissolvatur.
1004 2365 1124 2429 Peiiizz.
1161 2380 1238 2442 ius,
1265 2368 1344 2442 quod
1370 2365 1432 2430 sere
1462 2369 1570 2443 ubique
1596 2370 1717 2432 videtur
1742 2375 1774 2428 in
1797 2388 1916 2433 ciiiitra·

363 2454 512 2517 Salmant.
536 2452 645 2512 Rotas.
675 2447 813 2525 aliique,
845 2446 985 2524 quosliic
1005 2449 1122 2508 citant·
1161 2445 1305 2522 rium,&
1328 2447 1449 2520 proinde
1468 2448 1759 2523 consuetudo,quae
1782 2453 1844 2509 iam
1871 2454 1914 2509 in·

365 2533 415 2596 Ex
436 2552 495 2608 quo
516 2529 664 2593 Nicolaus
679 2522 733 2587 ln.
757 2529 847 2603 vult,
866 2520 1003 2588 officinas
1021 2534 1125 2588 omnes
1162 2527 1282 2602 valuit,
1303 2524 1338 2591 δι
1358 2525 1400 2589 est
1418 2528 1516 2591 altera
1538 2526 1585 2588 lex
1600 2573 1609 2602 ,
1626 2525 1796 2590 Sacrilliam
1818 2524 1916 2589 buius·

363 2613 528 2675 interiores
548 2604 755 2683 comprehendi
787 2607 871 2669 intra
890 2602 1044 2667 Clausurae
1066 2620 1126 2687 ter·
1160 2606 1239 2668 modi
1261 2607 1404 2670 liberavit
1427 2627 1444 2668 a
1466 2606 1631 2669 Claulurs.
1656 2605 1752 2669 Immo
1772 2628 1842 2668 cum
1863 2627 1915 2669 ne-

365 2697 483 2755 minos.
501 2687 636 2751 Dubium
652 2703 759 2750 autem
775 2684 818 2748 est
839 2685 914 2760 apud
933 2683 999 2745 DD.
1012 2704 1050 2746 an
1074 2683 1125 2746 liib
1178 2690 1278 2748 otium
1298 2684 1355 2748 boc
1375 2704 1565 2761 compertum
1590 2706 1652 2746 non
1680 2684 1739 2760 sit,
1763 2686 1797 2749 dt
1820 2690 1916 2751 variis

362 2773 487 2834 nomine
506 2764 660 2831 Clausu'rae
682 2764 876 2829 includantur
907 2769 1002 2826 etiam
1026 2762 1125 2825 Sacri·
1160 2707 1337 2829 subiiciatur
1354 2764 1512 2829 sententiis
1529 2814 1537 2840 ,
1554 2766 1656 2826 asseric
1672 2765 1823 2839 Sanchez,
1841 2767 1916 2830 licet

362 2848 420 2912 uia
440 2848 474 2911 dc
491 2847 624 2910 Cliotus.
647 2845 685 2906 Et
703 2844 822 2920 quidem
838 2838 1030 2917 cettumesl,
1046 2840 1124 2917 quod
1161 2842 1220 2918 ipse
1246 2843 1282 2906 sit
1311 2851 1474 2911 contrariae
1503 2841 1683 2922 sententia,
1708 2845 1916 2907 damnandum

362 2923 656 2990 siadSactilliam&
670 2923 806 2987 Chorum
822 2937 1001 2998 nonpateat
1015 2921 1124 2997 ingres·
1159 2944 1221 2987 non
1242 2924 1302 2987 else
1318 2924 1555 2996 Monalietium,
1578 2927 1610 2983 in
1630 2944 1691 2999 quo
1709 2924 1752 2985 eli
1775 2928 1844 2986 usus
1865 2924 1914 2987 ad·

360 3003 409 3068 sus
427 3004 481 3068 nisi
505 3026 556 3081 per
576 3004 757 3067 Conventus
778 3002 829 3064 seu
842 2999 1020 3065 Monasletii
1032 2999 1123 3063 Clau·
1158 3004 1299 3066 mittendi
1319 3003 1462 3068 imminas
1480 3012 1509 3065 in
1526 3002 1679 3067 Sacrislia.
1698 3004 1736 3067 Et
1754 3004 1914 3067 eademta·

361 3083 441 3164 sira,
463 3085 527 3148 haec
544 3085 611 3147 loca
631 3101 698 3146 com
720 3097 850 3146 utantur
870 3085 951 3144 inter
966 3078 1123 3143 Monaste·
1159 3087 1244 3147 tione
1267 3082 1512 3160 consuetudinis,
1542 3084 1589 3146 ubi
1623 3088 1683 3146 iam
1705 3080 1821 3146 indusla
1852 3080 1916 3161 est,

362 3167 402 3228 tii
424 3160 1123 3248 partes,quaeeiudemainbituclauduntut,
1158 3164 1299 3228 mulieres
1323 3184 1390 3239 quae
1422 3164 1633 3241 ingrediuntur
1664 3166 1794 3239 primum
1821 3162 1914 3225 Clau·

363 3263 400 3307 ac
421 3243 543 3319 proinde
563 3235 665 3305 iisdem
675 3241 787 3319 legibus
806 3239 874 3304 sunt
892 3237 1018 3303 subiesla
1033 3262 1042 3315 ;
1060 3260 1123 3302 uon
1158 3241 1250 3306 strum
1270 3243 1306 3307 ad
1324 3244 1518 3305 hauriendam
1540 3264 1666 3319 aquam,
1694 3264 1728 3305 ac
1748 3243 1784 3306 ad
1801 3240 1913 3317 aliquid

362 3342 440 3385 vero
462 3322 482 3384 si
503 3322 664 3398 ingressum
684 3320 813 3385 habeant
836 3342 852 3383 a
874 3318 933 3381 sola
963 3318 1123 3395 Ecclesia,
1159 3322 1268 3398 aliud,
1300 3322 1417 3384 nullam
1446 3328 1603 3387 incurrunt
1637 3342 1759 3399 poenam
1784 3321 1912 3387 violstae

363 3405 435 3478 quia
457 3420 532 3465 tunc
552 3402 714 3466 censentur
735 3421 804 3479 pars
823 3397 987 3476 Ecclefiae‚
1006 3397 1040 3463 dt
1063 3420 1123 3461 non
1157 3401 1331 3477 Clausum,
1352 3422 1391 3465 eo
1412 3405 1460 3466 vel
1482 3409 1634 3480 maxime,
1663 3401 1743 3479 quod
1765 3405 1796 3463 in
1817 3401 1911 3464 Clau·

262 3519 268 3524 -
364 3480 568 3557 Conventus3
585 3481 625 3545 sic
645 3481 786 3545 Donatus
802 3528 810 3556 ,
826 3480 979 3543 Bonacina
1001 3527 1010 3556 ,
1037 3478 1121 3543 Mat·
1158 3481 1245 3557 liris,
1270 3482 1319 3544 ubi
1341 3482 1404 3545 haec
1425 3489 1526 3556 praxis
1547 3483 1699 3557 inolevit,
1719 3503 1780 3545 non
1804 3480 1909 3543 adsunt

365 3560 485 3623 theucci
499 3563 627 3636 ,aliique
639 3558 763 3636 passim.
781 3559 956 3623 Difficultas
973 3561 1065 3636 igitur
1077 3565 1122 3622 lo·
1157 3561 1316 3634 cubicula,
1340 3564 1370 3623 in
1391 3563 1498 3635 quibus
1520 3561 1659 3625 habitent
1681 3557 1841 3638 Religiosi.
1872 3558 1911 3622 Et

302 3681 306 3690 .
363 3636 429 3700 lum
451 3636 593 3701 versatur
621 3643 701 3702 circa
733 3638 807 3702 talia
828 3638 895 3701 loca
915 3686 924 3714 ,
948 3638 1067 3710 quando
1085 3639 1120 3699 ad
1158 3640 1196 3702 sic
1217 3644 1313 3704 etiam
1333 3641 1500 3705 declaravit
1519 3644 1600 3703 lacta
1621 3641 1827 3719 congregatio
1843 3641 1913 3717 Epi·v

301 3779 307 3783 ,
361 3735 400 3781 ea
422 3733 526 3791 pateat
546 3718 645 3779 aditus
666 3735 799 3789 tampet
829 3712 1122 3791 Ecclesiam,qiiam
1158 3717 1196 3782 sc.
1217 3719 1250 3783 dc
1272 3720 1380 3797 Regul.
1402 3727 1432 3782 in
1454 3742 1514 3781 una
1540 3720 1744 3782 Venetiarum
1766 3722 1814 3782 16.
1835 3718 1913 3782 Maii

361 3793 623 3872 petClaullrum,
640 3816 656 3858 a
673 3815 732 3871 quo
751 3793 931 3870 interposito
949 3795 1121 3873 parietedi·
1161 3798 1248 3874 1582.
1271 3797 1304 3862 δι
1328 3803 1358 3861 in
1376 3822 1435 3864 una
1465 3796 1622 3861 Affiifienii
1646 3820 1693 3878 ¹7·
1715 3800 1799 3874 Sept.
1824 3799 1913 3877 15⁸3·

362 3875 514 3939 viduntur
535 3875 719 3951 aequalitet.
737 3875 848 3949 Quoad
863 3873 998 3937 Chorum
1019 3891 1120 3938 tamen
1159 3879 1236 3940 telle.
1259 3878 1394 3942 Nicolao
1411 3884 1441 3941 iri
1461 3876 1579 3957 Floscus
1604 3901 1634 3940 v.
1655 3881 1777 3954 claustr.
1800 3899 1829 3939 n.
1853 3894 1880 3956 3.

360 3952 398 4015 in
420 3955 475 4017 tali
495 3951 585 4031 casu,
603 3954 675 4017 idest
692 3954 771 4030 quod
788 3953 825 4016 ad
854 3951 948 4029 ipsum
976 3956 1121 4032 ingressus
1197 3957 1373 4022 Difficultas
1396 3959 1541 4023 ‘versatur
1575 3963 1689 4033 paritet
1719 3960 1755 4020 de
1783 3958 1918 4035 Hortis,

363 4029 514 4097 habeatur
533 4038 629 4097 etiam
644 4054 696 4111 pei
718 4031 900 4106 Ecclesiam,
921 4052 1011 4096 nemo
1036 4032 1120 4096 dubi·
1157 4038 1194 4098 ad
1215 4057 1289 4112 quos
1304 4038 1467 4112 aequaliret
1486 4054 1573 4112 patet
1592 4038 1690 4100 aditus
1707 4036 1741 4101 dt
1758 4059 1811 4112 per
1823 4037 1918 4101 Clau·

350 4127 415 4175 'tat
436 4116 496 4175 elle
516 4129 635 4187 partem
652 4111 812 4188 Ecclesiae,
833 4132 886 4175 nec
917 4108 1019 4176 subiici
1048 4113 1118 4190 legi·
1157 4114 1316 4191 sltum,&
1335 4137 1385 4188 per
1403 4122 1524 4178 ianuam
1542 4121 1572 4178 in
1590 4119 1690 4192 aliqua
1708 4118 1828 4191 publica
1845 4122 1911 4181 via.

363 4188 420 4253 bus
438 4190 594 4255 Clausurae
616 4236 625 4253 .
656 4191 752 4268 Igitur
768 4188 932 4254 difficultas
952 4190 995 4254 est
1022 4193 1120 4265 quoad
1155 4195 1267 4269 Quoad
1296 4195 1399 4259 hortos
1419 4198 1502 4257 enini
1522 4201 1681 4273 contiguos
1703 4196 1914 4272 Monaslerio,

364 4268 550 4332 Sacrisliam.
577 4270 617 4333 Et
636 4274 716 4333 circa
737 4273 813 4332 hanc
835 4271 887 4334 alii
912 4318 920 4346 ,
948 4288 982 4335 ut
1011 4270 1120 4333 Botdo
1155 4278 1244 4345 eique
1265 4277 1657 4353 incorporatos,tanquam
1674 4276 1776 4339 locum
1799 4276 1913 4353 proho-

365 4366 513 4410 nuscum
534 4349 671 4413 Antonio
692 4370 710 4413 a
739 4348 854 4422 Spiritu
875 4347 997 4428 suasio,
1014 4351 1121 4413 Suate·
1156 4351 1237 4414 nella
1259 4352 1478 4431 Religiosorum
1494 4358 1705 4427 recreatione,
1725 4355 1844 4418 nullum
1865 4355 1912 4419 ad·

365 4426 451 4490 ziol.
489 4472 496 4487 .
527 4427 564 4490 dt
594 4426 686 4508 Reli'g.
705 4427 791 4493 tradi.
810 4427 837 4489 8.
864 4428 913 4492 lib.
947 4449 973 4491 i.
1005 4448 1068 4505 cap.
1092 4449 1120 4510 7.
1155 4433 1215 4492 elle
1236 4432 1332 4505 potest
1352 4435 1475 4497 dubium
1500 4455 1560 4497 nori
1579 4435 1641 4499 else
1664 4454 1783 4511 partem
1804 4436 1910 4499 Mona·

364 4524 397 4567 ti.
419 4523 448 4568 ι..
513 4504 599 4593 aliis,
619 4505 733 4583 sentit,
754 4528 827 4574 tunc
855 4505 1028 4573 Sacrilliam
1057 4528 1119 4572 noti
1156 4507 1265 4585 stetis,
1292 4534 1326 4576 ac
1353 4513 1409 4590 legi
1436 4513 1592 4578 Clausutae
1618 4511 1783 4578 subieslos:
1815 4534 1910 4590 neque

363 4583 576 4661 comprehendi
598 4586 731 4665 sublege
752 4584 926 4665 Clausurae,
947 4608 1018 4650 cum
1047 4604 1121 4653 tunc
1157 4587 1290 4664 respeslu
1311 4590 1434 4655 illorum
1451 4590 1525 4655 facit
1541 4595 1618 4667 quod
1636 4594 1767 4657 habeant
1789 4598 1910 4661 ianuam

328 4705 333 4714 ·
361 4671 516 4751 pertineat
536 4668 635 4738 posius
652 4666 688 4730 ad
715 4663 876 4730 Ecclesiam
898 4683 933 4728 ιιι
961 4668 1027 4728 eius
1058 4689 1120 4740 par·
1155 4670 1303 4732 etiamad
1324 4670 1471 4746 publicam
1494 4676 1596 4748 viam,
1617 4696 1683 4748 quae
1705 4678 1768 4736 iam
1794 4694 1829 4737 ut
1852 4676 1909 4748 plu·

360 4759 522 4822 tem,.non
544 4764 619 4808 vern
639 4746 898 4820 adCenventum,
921 4764 990 4806 cum
1010 4766 1122 4810 nomen
1158 4752 1266 4810 timum
1285 4745 1386 4814 clausa
1407 4751 1567 4828 servatur,
1587 4752 1620 4818 dt
1639 4755 1734 4817 solum
1753 4775 1808 4826 pro
1833 4774 1910 4816 corti·

360 4821 523 4899 Eceleliae,
544 4827 647 4886 allerit
668 4826 848 4898 Suarezius,
862 4823 1075 4898 exponendum
1085 4827 1121 4890 lit
1157 4830 1305 4891 moditate
1321 4831 1371 4893 vel
1392 4830 1630 4909 operariorum,
1657 4835 1706 4898 vel
1728 4833 1841 4904 aliquid
1862 4853 1911 4909 pet

360 4901 451 4992 iuxta
467 4924 531 4976 cap.
551 4904 584 4968 Si
605 4902 721 4968 Ciuitas
740 4903 776 4967 de
793 4895 916 4981 lenient.
941 4923 1119 4969 excommun.
1157 4925 1222 4969 eam
1251 4910 1461 4972 introducendi
1489 4921 1642 4985 aperitur.
1680 4913 1719 4978 Et
1748 4911 1910 4975 difficultas

359 4997 397 5041 :aii
420 4981 450 5040 6.
484 4986 527 5046 ita
558 4998 594 5046 ut
622 4982 859 5060 comprehendat
886 4982 1059 5047 Sacriliiam
1088 4986 1120 5050 dt
1158 4984 1324 5050 huiusmodi
1347 4989 1489 5054 versatur
1509 4994 1820 5057 tantummodocirca
1844 4992 1914 5053 hot·

360 5054 498 5135 Capellas
531 5060 710 5144 contiguis,
734 5080 770 5128 ae
790 5060 917 5139 proinde
931 5059 1122 5147 sicutRegii·
1156 5081 1206 5134 ιοι
1231 5063 1454 5161 Religiosotuni
1486 5076 1651 5152 vitorum,
1680 5077 1912 5220 minimeMvers
