4584 5992
521 574 590 626 ort
632 563 818 624 aconita
859 548 979 624 lunis
1006 547 1237 622 canonici
1275 548 1392 625 Car.
1423 550 1481 624 ll.
1690 568 1772 653 4rp

264 652 304 733 fit
318 647 415 729 potiar
444 669 512 715 reus
541 672 628 731 quaen
656 648 842 713 damnandas
860 671 870 723 ,·
887 650 956 724 quia
975 650 1021 713 ia·
1056 663 1107 710 tur
1128 646 1326 724 antecedens,
1346 671 1414 713 curn
1436 649 1578 714 nimirum
1598 655 1819 721 antecedenter

222 766 224 771 ·
269 735 331 793 rius
358 729 400 792 eil
425 731 608 807 impunitum
631 730 759 805 relinqui
778 725 894 793 lacinus
912 748 1022 793 nocen·
1055 724 1174 789 nullum
1193 732 1324 792 occurrit
1340 729 1462 793 dubium
1484 747 1539 794 ant
1556 729 1700 811 suspici03
1721 731 1819 800 sedde

269 813 311 874 tia
340 831 428 885 quam
456 814 648 874 innocentem
688 811 860 884 damnare,
894 805 1023 885 &prae·
1058 804 1115 867 hoc
1138 808 1198 869 iam
1218 803 1421 872 fultusatlnm
1442 808 1484 873 est
1506 810 1558 874 luo
1586 812 1675 889 loco,
1700 814 1749 877 ubi
1779 814 1817 878 de

269 884 446 952 sumendum
465 888 507 953 est
530 910 582 965 pro
611 886 815 965 pollellionc,
847 892 877 949 in
902 909 961 963 qua
979 909 1024 952 re·
1058 881 1179 949 attilas
1197 886 1350 952 humanis.
1371 889 1548 966 Ignorantia
1565 886 1633 954 fatti
1664 889 1817 971 excusat,

268 989 303 1031 us
332 966 487 1045 persistit;
524 970 640 1033 tamdiu
672 972 754 1032 enim
781 970 846 1044 quis
871 968 1024 1034 habendus
1058 968 1127 1042 qnia
1150 963 1312 1031 fallalunt
1340 968 1492 1045 infinita,
1516 970 1596 1033 unde
1628 969 1820 1049 prudentissi·

268 1045 311 1111 cll
331 1047 445 1125 bonus,
464 1048 497 1113 bt
520 1052 692 1125 innocent,
715 1048 809 1113 donec
834 1054 1026 1114 contrarium
1059 1067 1142 1107 mum
1159 1051 1257 1111 ctiam
1284 1043 1390 1112 fallere
1417 1050 1562 1126 pollunt3
1588 1053 1714 1114 minime
1741 1071 1820 1115 vero

268 1125 430 1205 probatura
1061 1128 1233 1203 ignorantia
1255 1128 1358 1203 iuris,
1392 1135 1463 1203 quia
1491 1132 1539 1193 ius
1560 1129 1728 1193 limitatum
1755 1129 1821 1209 eit,

254 1285 257 1293 ¹
307 1206 402 1271 Fallit
423 1208 486 1272 baec
506 1209 620 1287 Regula
642 1228 669 1271 r.
691 1206 762 1273 casu
791 1227 850 1283 qno
872 1204 951 1273 atior
980 1206 1026 1272 fo·
1059 1205 1136 1282 quod
1153 1208 1270 1281 quivis,
1290 1206 1311 1269 ii
1329 1204 1433 1271 saltem
1444 1207 1821 1288 oubliccpropeirrumsrt,

249 1294 323 1370 „vet
357 1287 489 1351 caullam
517 1284 744 1363 favorabilem,
773 1306 844 1362 puta
866 1292 933 1362 loro
959 1289 1025 1352 Ma·
1061 1284 1134 1346 scire
1151 1285 1343 1361 supponitur.
1362 1287 1470 1351 Sensus
1486 1288 1612 1365 Regnlae
1632 1289 1695 1354 eli:
1718 1286 1822 1354 erola·

240 1398 243 1446 ,r
267 1368 414 1430 trimonio
430 1407 440 1445 ‚-
455 1363 613 1446 libertate,
628 1370 724 1445 dote,
752 1389 805 1430 aur
824 1366 1024 1440 testamento;
1059 1362 1144 1428 bilem
1153 1364 1207 1443 lea
1223 1364 1426 1431 invincibilem
1440 1366 1636 1447 ignorantiam
1644 1367 1727 1448 falli
1746 1370 1819 1435 alie·

267 1447 299 1507 in
317 1443 917 1523 huiusmodteotmcrlibosooriusattari
936 1468 1026 1524 quarn
1060 1444 1112 1519 ni,
1131 1468 1189 1509 non
1210 1448 1344 1525 proprii,
1373 1447 1404 1510 in
1425 1446 1492 1529 foro
1515 1461 1636 1513 externo
1664 1448 1820 1531 excusare,

254 1534 321 1589 *zrco
336 1524 378 1588 est
397 1523 561 1591 favendum
579 1526 698 1593 Barbas.
717 1548 754 1590 eir
771 1549 836 1604 cap.
861 1527 970 1593 litteris
991 1530 1027 1593 de
1061 1528 1232 1600 tamquoad
1246 1529 1408 1590 vitandum
1418 1532 1581 1600 damnum,
1600 1533 1822 1604 <imminuim-

263 1601 374 1683 probat.
1061 1607 1174 1667 modis:
1197 1604 1231 1669 1„
1255 1604 1282 1666 8.
1304 1604 1336 1669 ff.
1357 1607 1395 1670 de
1414 1606 1489 1671 iuris
1507 1609 1548 1674 (5
1553 1606 1633 1688 fabii
1639 1608 1819 1687 ignorantia.

310 1684 408 1749 Fallit
435 1706 464 1747 a.
501 1689 531 1749 in
557 1692 640 1752 omni
666 1685 768 1752 caussa
799 1686 922 1767 pia,sr
958 1709 1025 1753 earn
1061 1684 1158 1748 Nulla
1177 1705 1252 1748 vero
1278 1690 1452 1765 ignorantia
1477 1692 1549 1752 iuris
1577 1686 1641 1752 slve
1666 1688 1763 1752 divini
1786 1688 1821 1751 bt

269 1775 396 1827 tueatur
417 1766 514 1831 astur:
548 1767 671 1833 Barbos·
694 1769 761 1830 loco
782 1772 835 1829 eit.
854 1772 924 1843 qnia
944 1768 1026 1833 caul-
1062 1765 1231 1840 naturalis,
1252 1765 1316 1829 sive
1332 1768 1474 1847 humani,
1501 1769 1563 1831 irie
1585 1770 1730 1845 canonis,
1759 1766 1821 1829 sive

269 1839 309 1907 sae
327 1847 383 1917 piae
404 1849 498 1910 etiam
519 1850 600 1913 inter
620 1846 801 1911 favorabiles
815 1852 963 1911 veniunt.
1061 1840 1167 1907 statuti
1194 1849 1400 1922 municipalis,
1421 1846 1485 1913 sive
1505 1866 1637 1924 recepta:
1659 1846 1824 1911 consuetu·

309 1923 403 1987 Fallit
425 1940 454 2004 3.
476 1927 495 1987 si
514 1928 597 1991 attor
612 1927 654 1990 cll
671 1922 907 2003 inposlellione;
928 1929 1027 1992 inhoc
1061 1924 1157 2001 dinis,
1175 1928 1206 1994 in
1223 1920 1289 1987 foro
1316 1947 1447 1993 externo
1463 1928 1587 1992 excuiar
1604 1927 1702 2004 quoad
1716 1928 1823 2003 acqui·

236 2007 351 2092 *enim
366 2003 435 2067 calu
453 2006 511 2082 ipse
523 2008 674 2069 tenendus
694 2005 757 2077 cll,
788 2006 884 2071 donec
904 2008 942 2070 tle
963 2012 1026 2072 iure
1062 2004 1189 2067 rendum
1203 2005 1320 2068 lucrum
1334 2054 1342 2081 ,
1356 2008 1432 2071 bene
1449 2028 1523 2072 vcro
1543 2007 1643 2085 quoad
1655 2007 1820 2070 vitandum

243 2109 248 2118 ·
268 2086 365 2157 partis
383 2085 642 2149 adverl'aeconller
659 2107 723 2163 cap.
735 2086 783 2147 Ex
797 2084 945 2166 litteris3.
957 2108 1027 2152 ver·
1063 2082 1205 2145 damnum
1231 2088 1261 2145 in
1283 2106 1314 2148 re
1332 2085 1382 2150 lua
1401 2089 1572 2152 amittenda
1589 2105 1744 2165 emergent
1754 2106 1824 2150 carr.

271 2158 304 2224 su
319 2164 405 2241 Quod
421 2166 450 2242 fi
466 2165 504 2228 de
520 2163 637 2243 probat.
1060 2161 1209 2225 Turbatur
1248 2184 1293 2226 12.
1327 2166 1407 2230 caul'.
1428 2172 1453 2229 i.
1476 2190 1502 2245 q.
1521 2189 1573 2247 4.,·
1596 2170 1665 2242 quia
1687 2166 1765 2244 leges
1783 2164 1822 2227 ab

312 2243 429 2321 Regula
451 2264 498 2305 12.
521 2252 558 2308 In
585 2243 693 2308 iudicio
713 2268 768 2309 non
794 2246 831 2318 eri
864 2248 940 2311 ratio
962 2269 1029 2328 pee-
1060 2244 1199 2306 omnibus
1218 2245 1365 2323 intelligi,
1385 2247 1418 2312 δε
1436 2245 1502 2311 sciri
1520 2248 1630 2310 debent
1656 2246 1776 2323 llrges
1794 2259 1820 2323 3.

265 2317 406 2398 sanarum
426 2323 571 2389 habenda.
592 2328 668 2389 Haec
679 2326 794 2404 Regula
809 2324 970 2391 conformis
985 2328 1026 2392 cll
1065 2344 1130 2395 can.
1161 2319 1196 2385 dr
1224 2320 1304 2402 legib.

271 2421 427 2481 praecepto
446 2406 553 2470 divino
573 2407 699 2468 Denter.
724 2426 749 2467 r.
773 2402 881 2468 Senius
903 2411 1026 2484 Regula
1101 2401 1197 2465 Fallit
1225 2424 1251 2464 1.
1272 2403 1336 2467 lraec
1354 2405 1470 2479 Regula
1491 2407 1524 2467 in
1542 2406 1691 2468 militibus
1712 2403 1745 2468 &
1761 2401 1823 2465 Mt·

271 2478 335 2560 est,
352 2484 449 2547 ludici
459 2479 731 2565 inadminislranda
751 2483 881 2563 iustitia,
896 2486 1027 2565 persona·
1063 2480 1183 2567 noiibus
1203 2482 1223 2543 l·
1241 2483 1354 2562 Regula
1373 2487 1409 2564 eil
1429 2500 1457 2560 9·
1484 2482 1516 2546 ff·
1542 2488 1577 2547 de
1602 2486 1660 2546 iur.
1689 2485 1729 2548 (7
1746 2480 1821 2561 fati·

272 2578 357 2641 r'unt,
376 2562 478 2641 quibus
501 2568 549 2629 ius
565 2564 655 2641 aicit,
672 2566 813 2628 rationem
841 2588 894 2627 non
923 2566 1027 2629 balea·
1063 2581 1190 2639 ignorati·

272 2643 359 2718 darm
373 2643 431 2722 sed
446 2647 563 2726 depofito
578 2646 656 2707 amni
674 2646 774 2724 affeltu
791 2645 868 2718 odii,
890 2647 1028 2722 favoris,
1102 2637 1196 2703 Fallit
1217 2660 1244 2703 a.
1271 2645 1358 2708 iuxta
1388 2644 1501 2718 aliquos
1532 2645 1562 2704 in
1590 2639 1725 2706 soeminis
1759 2659 1824 2717 pto·

269 2725 384 2800 praemii
392 2770 401 2799 ,
421 2724 535 2802 timoris
547 2773 555 2797 ,
569 2723 691 2801 cauffam
710 2734 748 2785 err
772 2745 851 2796 aqua
875 2726 1029 2803 cognoscere
1065 2716 1235 2794 pretiatur
1256 2717 1454 2797 fragilitatem
1471 2741 1512 2793 err
1528 2728 1582 2785 cit,
1598 2724 1615 2783 l.
1637 2722 1766 2800 Regula.
1785 2795 1792 2804 ¹

272 2801 372 2866 delere
388 2824 454 2877 cap.
474 2824 499 2865 1.
521 2801 641 2879 desem.
653 2799 692 2867 Φ
709 2821 739 2863 re
756 2802 884 2864 iudicat.
903 2826 933 2866 in
951 2805 978 2866 6.
991 2806 1028 2867 Et
1104 2797 1197 2862 Fallit
1215 2815 1241 2877 3.
1261 2802 1380 2875 qnando
1397 2805 1462 2867 iura
1484 2823 1544 2864 non
1563 2802 1634 2864 sunt
1651 2805 1752 2875 clara,
1776 2798 1824 2860 led

274 2881 351 2951 apud
373 2880 546 2961 Theologos
568 2886 705 2957 acceptio
716 2881 906 2956 perlonarum
923 2886 1030 2963 ingara
1064 2879 1202 2957 ambigna
1224 2880 1257 2943 &
1277 2879 1399 2942 obl'curr
1417 2930 1424 2955 ,
1444 2901 1478 2945 ac
1507 2883 1576 2944 ideo
1595 2886 1725 2943 multum
1749 2899 1824 2942 con·

218 2978 219 2982 ¹
243 2992 246 2997 -
276 2957 401 3021 vilsrmis
422 2963 578 3027 sceleribus
597 2974 705 3023 contra
727 2959 874 3023 tullinam
893 2965 1026 3027 receol'e·
1065 2956 1205 3021 troversa
1225 2963 1306 3021 inter
1322 2959 1825 3036 DD.Huiusmodienimignoran·

275 3039 447 3118 tnr.Sylt.
469 3063 508 3103 ex
529 3043 568 3103 D.
589 3039 700 3101 Thom.
721 3056 749 3098 2.
772 3059 799 3098 a.
822 3064 848 3113 q.
867 3043 914 3118 63.
938 3047 1030 3107 Porro
1065 3041 1106 3098 tia
1126 3055 1193 3100 tam
1213 3038 1310 3112 quoad
1330 3042 1572 3116 acquirendum,
1604 3061 1695 3117 quam
1724 3038 1824 3114 quoad

271 3113 591 3199 indiciorum-nomine
614 3120 661 3181 liic
683 3122 812 3181 veniunt
828 3126 931 3185 omnia
958 3125 1030 3201 illa,
1065 3118 1227 3180 vitandum
1244 3117 1386 3180 damnum
1402 3119 1536 3183 excusat.
1556 3120 1643 3183 Barb.
1663 3121 1710 3181 hic
1732 3122 1821 3180 n.16.

272 3195 425 3274 inquibus
443 3193 565 3275 spellari
585 3197 697 3262 debent
715 3202 844 3272 merita,
864 3198 897 3263 &
915 3208 1030 3275 aptita·
1103 3195 1220 3275 Regula
1246 3218 1289 3276 14.
1308 3204 1381 3262 Cum
1403 3202 1468 3276 quis
1483 3198 1515 3262 t'n
1543 3198 1592 3262 ius
1614 3199 1736 3262 alterius
1755 3195 1825 3275 suc·

273 3272 312 3335 do
330 3274 540 3356 personarum,
558 3300 590 3342 v.
606 3300 631 3354 g.
655 3281 685 3338 in
715 3275 881 3340 collatione
911 3278 1028 3344 Bencfi·
1063 3275 1157 3350 cedit,
1174 3274 1277 3355 iustam
1298 3279 1471 3356 ignorantia·
1486 3278 1610 3356 calepiam
1630 3274 1731 3340 babere
1756 3295 1824 3337 cen·

272 3358 419 3433 tiorum:
431 3358 752 3434 gradibns'literariis,
768 3358 829 3420 &e
847 3359 936 3422 Serus
956 3383 1030 3424 veto
1059 3352 1154 3432 selue.
1174 3357 1250 3419 Hac
1271 3357 1387 3433 Regula
1410 3359 1577 3420 coneordat
1605 3378 1674 3418 cum
1704 3354 1825 3440 Regula

254 3483 257 3488 «
273 3439 305 3498 in
321 3440 464 3513 gratuita
480 3436 708 3509 donationibus,
723 3434 858 3509 adeoque
877 3442 973 3501 etiarn
999 3444 1030 3502 in
1065 3438 1141 3494 luris
1191 3437 1295 3496 cirilis
1316 3452 1364 3514 43.
1388 3438 1425 3498 de
1442 3436 1564 3514 Regalis
1586 3435 1685 3496 iuris.
1715 3435 1824 3496 Senius

243 3557 245 3561 -
271 3512 441 3579 arbitrariis
459 3518 493 3579 L.
519 3517 615 3592 Sticus·
633 3531 678 3576 rr.
700 3510 730 3574 ff.
749 3514 926 3593 delegatis.
1065 3531 1156 3575 verua
1173 3511 1259 3576 liniue
1276 3515 1399 3590 Regulae
1420 3516 1466 3578 hic
1486 3506 1547 3576 eli:
1564 3515 1626 3593 Qui
1646 3514 1678 3579 in
1704 3514 1751 3575 ius
1781 3514 1825 3575 al·

310 3595 401 3659 Fallit
414 3616 439 3658 1.
457 3599 593 3674 Regula,
614 3617 646 3660 ac
658 3595 849 3662 limitarnrln
861 3594 1031 3672 allignando
1064 3593 1158 3656 terias
1171 3591 1239 3671 five
1259 3594 1446 3672 universale,
1462 3597 1526 3674 five
1539 3595 1717 3672 particulare
1727 3591 1824 3671 succe·

274 3676 658 3740 lotumbonorabiliurem
688 3694 752 3750 cap.
783 3675 870 3739 Solite
899 3676 935 3741 de
959 3680 1030 3740 Ma⁴
1064 3672 1130 3748 air,
1146 3670 1359 3737 invincibiliter
1379 3673 1651 3755 censeturignorare
1674 3676 1822 3753 grptaan·

275 3746 354 3818 lorii.
1065 3746 1222 3831 tecefforis3
1246 3751 1445 3831 caraequenter
1469 3776 1519 3819 nec
1543 3755 1693 3833 inculpa,
1724 3772 1775 3816 nec
1791 3755 1824 3814 in

313 3830 408 3899 Fallit
430 3856 456 3896 a.
480 3838 511 3898 in
531 3831 707 3913 quibusdam
727 3829 794 3897 aliie
810 3834 925 3901 casibus
946 3837 1031 3900 iniu·
1064 3854 1143 3895 mora
1162 3836 1197 3900 eil
1215 3831 1357 3913 solvendi
1366 3833 1460 3898 alita
1468 3833 1723 3914 peranteceffoeem
1732 3834 1825 3896 occul·

273 3932 307 3978 re
327 3923 477 3992 exceptis,
496 3918 639 3979 nimitum
660 3917 690 3975 in
712 3915 881 3979 Minoribus
905 3936 952 3994 25.
976 3937 1031 3980 an·
1065 3924 1093 3976 te
1111 3919 1279 3989 contratiae,
1300 3914 1350 3977 vel
1368 3915 1538 3997 restituendi
1558 3914 1661 3993 iniuste
1681 3908 1716 3975 ab
1730 3911 1824 3975 enal-

273 4000 340 4070 nis;
361 4000 442 4058 circa
465 3998 516 4059 lios
532 4000 614 4059 enirn
638 3996 727 4056 aliter
751 3997 877 4060 iudicari
898 3997 1030 4060 debetin
1065 3994 1141 4069 lata,
1163 3997 1214 4057 vel
1245 3994 1490 4073 aliasprarlandi
1511 3995 1652 4058 occultam
1677 3989 1821 4071 obligatio·
1882 4037 1885 4042 -

228 4100 232 4103 ·
274 4074 650 4151 contrattibrrs‚quamta
672 4070 865 4152 Maioribus,⁴
891 4078 920 4140 hi
951 4081 1032 4140 enim
1065 4094 1150 4149 nem,
1168 4074 1420 4151 danecapetente
1430 4074 1605 4155 sufficienter
1618 4071 1754 4151 probetur
1770 4090 1824 4152 per

273 4154 336 4230 line
356 4155 541 4220 cultorirare
559 4153 707 4228 Tutoris,
724 4156 941 4221 velCuratoris
953 4161 1031 4220 inni·
1065 4155 1150 4229 iura,
1166 4152 1207 4219 (T
1222 4154 1349 4216 rationes
1365 4154 1426 4216 iarn
1445 4157 1601 4233 allegatas.
1667 4157 1669 4160 ’

273 4236 298 4295 ri
315 4278 323 4310 ,
339 4232 392 4298 bos·
408 4254 470 4299 non
489 4237 645 4313 obligant.
666 4235 757 4314 Inssit.
775 4237 811 4300 de
829 4237 1029 4302 auilaritfflu·
1106 4235 1221 4311 Regula
1247 4252 1289 4309 ις.
1308 4234 1382 4295 Ostia
1398 4236 1525 4313 restringi
1537 4284 1544 4309 ,
1552 4232 1678 4313 favores
1688 4232 1823 4298 coemerit

273 4323 325 4376 tor.
344 4314 376 4377 in
393 4314 514 4395 princip.
1065 4312 1223 4391 ampliari.
1244 4312 1350 4374 Sensus
1372 4316 1459 4376 liuius
1478 4314 1603 4392 Regulae
1620 4311 1682 4376 est:
1705 4318 1826 4391 Leges,

314 4396 430 4473 Regula
445 4411 496 4475 ,ης
513 4392 684 4476 Ignorantia
690 4391 772 4474 sacti
781 4437 789 4471 ‚-
808 4413 865 4459 nan
886 4394 960 4459 iuris
980 4415 1031 4459 ere·
1065 4400 1192 4459 canones
1204 4443 1210 4467 ,
1219 4393 1351 4473 statuta,
1371 4394 1508 4474 rescripta
1520 4445 1526 4471 ,
1537 4394 1728 4474 delpopltiones
1744 4392 1822 4455 odio-

272 4474 370 4552 cusat.
391 4476 568 4551 ignorantia
590 4471 657 4538 fatti
680 4477 690 4548 (
712 4478 818 4548 qrraein
842 4480 897 4539 hnc
915 4480 1032 4556 proprie
1059 4473 1122 4553 sa,
1138 4471 1207 4544 raet
1223 4490 1287 4550 qua
1303 4476 1357 4534 vel
1376 4474 1468 4537 aiure
1484 4476 1630 4540 conmuni
1640 4472 1825 4545 exorbitant,

272 4551 377 4617 artferr
399 4558 435 4628 ab
451 4576 575 4630 errore,
597 4554 674 4631 qnod
697 4555 743 4616 hic
763 4554 902 4619 consiliat
924 4560 955 4619 in
984 4561 1029 4621 iu·
1066 4556 1116 4643 vel
1130 4549 1330 4643 principaliter
1346 4553 1378 4615 in
1394 4554 1494 4619 odiunt
1502 4550 1825 4634 velpoenanrtendunt?‚

273 4638 352 4698 dicio
368 4634 613 4713 lall0.polrrtvo;
636 4638 808 4713 ignorantia
827 4640 946 4700 veroin
971 4640 1030 4714 pri·
1063 4636 1158 4699 (irta‘ie
1173 4633 1419 4711 interpretanda,
1439 4656 1472 4700 ac
1484 4648 1633 4716 propterea
1651 4655 1708 4696 non
1724 4641 1825 4694 exten·

269 4712 403 4780 'vatione
418 4710 581 4792 scientiae)
610 4733 683 4779 tunc
705 4712 846 4793 dicitur,
873 4737 943 4780 cum
967 4719 1033 4791 quis
1065 4714 1191 4802 denda,
1203 4710 1256 4790 [ed
1269 4710 1474 4803 reiningendae
1496 4713 1569 4795 [unt
1595 4759 1603 4777 .
1631 4706 1824 4801 favorabiles*

270 4801 394 4875 ignorat
415 4798 444 4860 iel
459 4796 536 4874 quod
547 4792 728 4870 latitaret,
745 4795 815 4858 licet
827 4797 1032 4875 iuenonigno·
1065 4814 1156 4867 vero,
1176 4795 1238 4857 illa·
1255 4792 1393 4858 videlicet
1415 4815 1481 4873 qua·
1494 4794 1695 4881 principaliter
1723 4809 1755 4878 tn
1767 4784 1825 4868 fa·
1846 4838 1849 4844 -

269 4896 337 4954 ret3
358 4880 532 4955 ignorantia
550 4895 625 4941 vero
641 4877 714 4938 iuris
733 4871 794 4950 est,
809 4896 879 4937 cum
905 4879 950 4939 ius
982 4874 1031 4937 sen
1065 4892 1167 4937 vorem
1186 4871 1311 4936 alicuius
1325 4872 1421 4949 satta·
1449 4888 1524 4953 unt,
1543 4877 1601 4937 late
1611 4872 1766 4949 explicari,
1783 4867 1825 4937 (θ’

271 4959 322 5022 len
344 4962 520 5037 ignoratur.
543 4956 583 5020 Et
601 4974 731 5030 utraque
757 4957 928 5032 ignorantia
952 4955 1031 5019 divi·
1067 4948 1314 5031 entendipoffrrnt
1334 4952 1427 5020 &de
1480 4966 1509 5017 t.
1531 4953 1601 5017 Hoc
1617 4953 1698 5015 enim
1717 4948 1824 5013 suadet

268 5039 353 5102 tlittrr
375 5042 405 5100 in
427 5033 651 5102 vincibilem&
670 5030 865 5108 culpabilem,
882 5034 918 5097 &
938 5036 969 5095 in
987 5038 1033 5096 in·
1067 5036 1261 5106 humanitas,
1285 5052 1352 5107 quae
1375 5033 1530 5099 hominem
1558 5034 1691 5097 maxime
1715 5028 1824 5104 decet,

269 5116 450 5197 vincirilem
464 5117 498 5184 ἀ
518 5116 753 5197 inculpabilem,
767 5117 944 5192 curretiam
959 5112 1034 5177 dici'·
1068 5111 1167 5187 licque
1182 5115 1276 5190 magis
1297 5113 1332 5175 ad
1349 5112 1451 5176 Deum
1468 5112 1662 5191 accedimus,
1686 5110 1735 5175 cui
1759 5127 1827 5186 pro·

1402 5193 1531 5257 naa
1691 5192 1790 5267 prium
1865 5211 1870 5214 ·
1934 5280 1940 5288 .
