4584 5992
571 552 636 604 ne
675 527 855 602 S'rnru
887 528 1213 602 liuticios-o
1249 530 1366 608 Cae.
1395 534 1479 606 III.
1687 565 1769 635 330

274 650 336 714 qm
348 628 547 703 conditionis,
566 631 615 693 vel
632 628 769 692 admissas
786 631 936 692 retinere.
955 630 1022 691 Hoc
1059 626 1195 703 lpedlivis
1215 648 1324 693 eorum
1336 631 1499 695 ditionibus
1523 630 1735 702 executionem
1759 640 1812 702 ub·

275 718 438 780 innovavit
460 733 528 774 cuni
554 711 656 771 iisdem
686 712 780 780 poenis
801 708 832 772 dt
855 712 1022 771 revocatio·
1060 713 1198 770 tineant.

272 817 312 860 ne
338 796 530 857 licentiarum
558 788 724 852 huiusmodi
753 789 789 850 ab
817 787 878 861 ipso
907 788 957 850 vel
985 788 1023 851 ab
1096 786 1286 850 Fundatores
1303 788 1425 854 vero&
1447 793 1807 861 Fundatricesdistorum

271 876 337 939 asiis
354 870 578 942 concessarum,
598 868 632 932 dt
660 869 696 930 de
716 867 862 929 mandato
880 868 1021 929 Clemen·
1057 866 1310 929 Monasseriorum
1340 868 1500 933 secundum
1528 895 1717 938 communem
1746 877 1811 939 Du·

272 958 312 1016 tls
339 950 421 1013 VIII.
451 948 532 1011 sacra
560 948 762 1024 Congregatio
793 948 960 1020 Episcopor.
989 945 1022 1009 δι
1057 946 1173 1009 storum
1188 967 1227 1007 ex
1244 946 1434 1020 dispositione
1450 970 1517 1013 tum
1533 956 1584 1016 cit.
1597 957 1809 1021 DecretiCon·

270 1032 415 1111 Regular-
439 1033 488 1091 26.
507 1029 656 1090 Novemb.
679 1030 761 1086 idos.
784 1025 834 1088 sub
860 1048 949 1104 ptnna
971 1046 1022 1088 eir·
1056 1027 1118 1089 ciiii
1143 1026 1228 1087 Trid.
1252 1045 1317 1088 tum
1339 1028 1599 1095 Conssitiitionum
1620 1036 1705 1108 supra
1731 1036 1808 1097 tela·

269 1111 552 1178 communicationis
583 1110 705 1169 maioris
736 1110 823 1181 Papae
851 1108 1022 1170 omnimode
1058 1123 1159 1169 tarum
1181 1104 1365 1168 summorum
1387 1110 1596 1190 Pontificum,
1612 1117 1717 1175 eadem
1736 1116 1809 1177 Mo·

270 1190 435 1257 reservatae
458 1197 536 1251 intra
555 1186 692 1248 Italiam.
1057 1188 1184 1248 nialium
1203 1185 1410 1265 Monasleria,
1429 1188 1482 1251 nisi
1505 1196 1535 1252 in
1557 1194 1667 1256 Literis
1685 1193 1811 1270 Aposto-

292 1268 384 1333 ‘Diiri
401 1267 603 1346 cuiuscumque
620 1264 737 1341 ιτιαιιι,
759 1264 828 1327 ideis
845 1268 938 1329 etiani
951 1288 1021 1343 pue·
1057 1265 1121 1328 sicis
1142 1265 1299 1329 cressionis
1320 1267 1400 1329 secus
1419 1269 1553 1342 expresse
1569 1291 1737 1347 caveatur,
1757 1272 1811 1336 vel

270 1356 348 1415 flac
367 1350 492 1425 priessae,
515 1346 632 1408 tametsi
656 1350 782 1427 rationis
800 1343 851 1406 usti
874 1369 935 1408 non
958 1348 1022 1419 pol·
1057 1346 1193 1421 legitima
1219 1345 1348 1407 obtenta
1370 1342 1534 1426 facultate,
1565 1354 1677 1429 ingredi
1698 1372 1819 1427 neque·

272 1432 375 1504 leant,
396 1431 429 1492 δι
463 1430 520 1489 boe
545 1426 656 1486 dicitur
683 1425 811 1497 respeslu
836 1426 1021 1488 Monialium
1057 1444 1131 1498 unt3
1153 1423 1187 1487 dt
1208 1427 1251 1485 ira
1274 1423 1331 1485 fuit
1348 1426 1477 1490 decisum
1493 1451 1509 1489 a
1528 1430 1606 1493 sacra
1627 1432 1808 1508 congregat.

272 1509 554 1584 introducentitim,
581 1525 651 1565 cum
682 1503 841 1567 introdusit
872 1526 933 1569 non
963 1505 1020 1568 sint
1055 1503 1183 1565 ConciIii
1208 1502 1282 1566 tesIe
1303 1504 1400 1565 Asdan
1442 1511 1473 1568 iii
1497 1511 1819 1586 commiaclensis.

271 1595 400 1664 'rapaces-
423 1589 541 1660 cuspae,
570 1606 602 1644 ac
626 1583 747 1656 proinde
768 1604 823 1647 nec
846 1604 963 1662 poenae,
985 1605 1019 1657 ut
1056 1603 1113 1645 car.
1131 1581 1209 1662 resol.
1232 1584 1252 1644 I.
1278 1602 1303 1643 ι.
1330 1588 1380 1662 ιιι.
1404 1587 1432 1645 f„
1454 1608 1482 1647 n,
1505 1608 1550 1648 η,
1568 1589 1717 1666 amsa,
1744 1590 1811 1651 Do,

271 1668 369 1731 silioc
390 1669 519 1729 airdeant
543 1664 714 1738 bsoniales,
740 1666 895 1728 incurrant
919 1666 1021 1728 censii·
1057 1680 1171 1738 nattis,
1198 1662 1344 1725 Nicolaus
1366 1667 1396 1724 iri
1418 1665 1538 1744 flustris.
1571 1667 1651 1731 verb.
1677 1669 1811 1732 fundat

271 1770 318 1811 ras
347 1748 473 1809 vitisatae
499 1740 667 1819 claus'urae,
689 1759 723 1804 ut
744 1743 850 1818 sapius
872 1751 957 1806 iuirta
979 1749 1020 1807 ci-
1056 1747 1106 1817 qui
1130 1739 1223 1804 refert
1251 1743 1344 1804 verba
1370 1743 1430 1820 ipsa
1451 1747 1502 1808 seu
1523 1748 1688 1811 Decretum
1716 1747 1810 1811 s'acrae
1914 1799 1921 1815 t

271 1839 328 1891 tat.
349 1829 514 1888 Decretum
541 1818 736 1895 TridentinI,
758 1829 788 1884 in
813 1846 875 1899 quo
896 1822 1021 1887 liabetur
1057 1822 1310 1899 Congrcgationis
1334 1825 1364 1885 iri
1384 1845 1445 1888 uua
1460 1826 1658 1906 RegularIum
1675 1847 1722 1907 17·
1742 1830 1808 1893 Au·

273 1905 474 1985 cuiuscumque
490 1901 608 1982 generis
627 1903 680 1964 vel
706 1903 825 1979 aetaii's,
852 1905 1020 1966 declaravit
1057 1902 1117 1978 gus.
1136 1905 1222 1979 1639.
1292 1977 1297 1986 ι
1818 1958 1822 1969 ,

273 1986 353 2050 Iaera
375 1987 556 2062 Congregat.
584 1983 750 2057 Episcopor.
772 1982 805 2047 dt
826 1984 966 2061 Regular.
988 1983 1020 2047 dc
1096 1981 1165 2044 Dixi
1170 1985 1235 2056 fine
1244 1980 1715 2064 legisimsuperioiiilicerium&
1728 1985 1808 2051 hanc

271 2064 421 2145 signanter
443 2072 472 2124 in
502 2062 673 2124 Tudertina
694 2073 723 2137 7.
747 2065 841 2135 April.
875 2078 961 2143 1575.
989 2068 1019 2124 in
1058 2064 1183 2133 requirit
1206 2059 1426 2150 Trrdentiniim
1444 2069 1474 2125 in
1496 2064 1612 2142 i'cirptis
1628 2067 1806 2130 obtentam.

271 2143 424 2210 Neapolit.
448 2157 495 2204 τι.
518 2142 623 2203 Martii
654 2142 737 2215 1580.
767 2147 798 2202 in
823 2143 1018 2205 Crenioneiis.
1058 2144 1179 2204 eiaerati
1196 2159 1290 2213 vero,
1308 2145 1361 2203 nili
1378 2143 1477 2206 caussa
1495 2144 1531 2206 sit
1549 2150 1648 2223 magni
1670 2166 1807 2208 momen-

272 2239 316 2285 ιι,
335 2215 421 2287 Febr.
441 2222 527 2298 1585.
546 2220 578 2283 dt
597 2222 628 2280 in
646 2220 803 2283 Pissorien.
816 2241 863 2300 τι,
876 2222 1018 2285 Februar.
1058 2225 1099 2297 ti,
1121 2224 1258 2296 graviter
1277 2240 1401 2295 peccarit
1417 2224 1429 2298 l
1447 2226 1491 2286 ait
1508 2226 1539 2286 P.
1561 2225 1674 2287 Henno
1694 2225 1709 2300 )
1727 2225 1813 2288 illam

270 2306 463 2376 declaravit,
485 2299 677 2364 tolerandum
698 2321 759 2363 non
776 2305 836 2364 elle
853 2304 968 2377 puellas
984 2304 1019 2363 si·
1055 2299 1268 2362 concedendo.
1290 2301 1318 2359 Si
1337 2319 1441 2362 autem
1460 2301 1520 2364 sine
1539 2306 1640 2368 caussa
1658 2308 1751 2366 talem
1763 2308 1818 2364 sn·.

270 2403 320 2447 cet
342 2384 486 2458 parvulas
507 2380 622 2458 ingredi
645 2379 677 2441 dc
699 2382 798 2456 egredi
820 2384 855 2443 ad
879 2384 1020 2446 libitum:
1055 2381 1184 2456 gressum
1211 2379 1334 2440 iubeant
1364 2398 1418 2442 aut
1441 2384 1618 2458 consulant,
1648 2387 1813 2446 incurrunt

271 2466 363 2525 immo
389 2463 416 2523 8.
446 2461 520 2523 Maii
548 2476 634 2536 1595«
657 2481 687 2520 iii
707 2462 736 2521 3.
761 2462 864 2523 Seven
894 2459 1022 2538 slatuit,
1056 2462 1191 2536 crimen,
1222 2476 1282 2520 non
1306 2478 1429 2536 poenit,
1458 2465 1529 2535 quia
1560 2465 1606 2524 bae
1636 2454 1708 2525 sarai
1739 2461 1811 2524 sunt
1881 2480 1883 2506 ³
1921 2535 1937 2546 a

268 2540 408 2605 Abbatisl
477 2542 533 2603 boe
556 2541 784 2616 permittentem
801 2538 884 2602 simus
910 2545 1024 2615 privati
1058 2557 1165 2601 contra
1190 2538 1411 2614 ingredientes,
1430 2559 1491 2600 non
1518 2533 1812 2605 contraconsulen·

268 2616 396 2698 officio,
470 2636 547 2683 voce
570 2617 698 2691 passiva.
728 2620 799 2680 Dixi
815 2619 932 2696 sexui,
953 2624 1023 2693 quia·
1060 2635 1105 2677 tes
1134 2632 1188 2676 aut
1209 2615 1367 2690 iubentes,
1390 2638 1447 2679 nec
1467 2618 1516 2680 lcii
1539 2622 1667 2694 poenalis
1693 2621 1735 2682 est
1757 2640 1810 2681 ex·

259 2717 355 2776 'aequc
374 2701 548 2774 prohibetur
566 2694 697 2759 foeminis
716 2720 749 2759 ac
768 2703 859 2760 viris.
881 2700 1012 2759 Diuicon
1058 2694 1210 2756 tendenda
1225 2716 1237 2767 ι
1250 2693 1412 2757 dummodo
1424 2714 1526 2758 tamen
1545 2701 1602 2762 boc
1619 2720 1680 2761 nori
1693 2697 1809 2761 saciant

268 2781 389 2842 ditionii
417 2801 473 2839 non
502 2787 667 2851 exemptae,
697 2782 766 2846 quia
793 2777 1027 2852 Imperatores,
1059 2772 1109 2834 sub
1138 2790 1292 2849 praetextu
1329 2773 1462 2837 licentiae
1494 2776 1704 2854 apostolica,
1739 2782 1811 2853 quia

269 2855 479 2929 Imperatrices
493 2903 502 2930 ,
517 2857 613 2931 Reges
629 2852 664 2917 dt
680 2855 803 2931 Reginae
818 2904 826 2930 ,
843 2876 948 2917 eorum
969 2856 1021 2917 filii
1059 2870 1133 2915 tunc
1154 2873 1215 2913 nun
1236 2849 1332 2914 soloni
1353 2856 1542 2930 ingrediens,
1571 2859 1618 2920 sed
1643 2862 1737 2920 etiam
1759 2857 1812 2917 sub

268 2933 302 2997 ἀ
330 2934 404 3007 siliae
435 2934 496 2995 sine
523 2929 642 2995 incursu
670 2939 1023 3014 excommunicationis,
1059 2934 1114 2994 tali
1144 2950 1298 3007 praeteiitu
1328 2938 1508 3005 permittens
1539 2954 1593 3001 aut
1625 2937 1736 3014 ingredi
1765 2931 1812 2997 sa·

268 3015 458 3088 aliarumque
478 3032 637 3088 poenarum
662 3013 776 3086 ingredi
809 3015 929 3085 poliunt
954 3038 1022 3077 cum
1057 3016 1140 3073 ciens
1162 3029 1265 3084 peenas
1287 3016 1432 3073 incurrit.

268 3091 317 3153 sua
336 3094 454 3154 decenti
472 3096 621 3154 comitiva
645 3092 674 3151 in
698 3091 882 3155 Monasseria
899 3095 1021 3157 Monia-
1097 3091 1264 3160 Mulieres,
1284 3090 1412 3154 obtenta
1435 3092 1558 3157 licentia
1580 3094 1661 3158 Sedis
1682 3091 1810 3167 Apollo·
1840 3129 1843 3148 2

268 3170 361 3232 bum.
383 3169 478 3233 Tales
494 3174 575 3232 enim
592 3167 725 3244 personae
748 3178 866 3234 ratione
888 3171 951 3234 suae-
968 3194 1021 3235 eit·
1057 3170 1122 3233 sicae
1144 3168 1330 3231 Μοιιιιιιιιι
1349 3169 1531 3236 Monialium
1548 3178 1750 3252 ingrediendi,
1765 3177 1810 3233 in-

267 3250 421 3314 cellentiae
443 3249 652 3325 &dignitatis
677 3270 737 3311 non
762 3249 1019 3325 compresieiidun·
1056 3252 1136 3327 gredi
1160 3266 1316 3322 nequeunt
1338 3249 1390 3310 nisi
1414 3256 1494 3324 prius
1520 3255 1732 3329 capitulariter
1758 3272 1810 3322 per

269 3341 319 3391 lui·
354 3333 384 3390 in
415 3326 656 3406 dispositionibus
679 3329 814 3406 odiosis,
839 3331 893 3391 nisi
921 3337 1021 3405 expri·
1058 3324 1196 3405 suffragia
1218 3329 1494 3415 secretaanianri
1521 3350 1605 3407 parte
1626 3330 1811 3393 Monialium

267 3425 410 3485 mantur.
432 3406 481 3469 Ita
498 3407 631 3480 Suarez,
647 3408 753 3469 Santh.
774 3408 856 3471 loaii.
875 3410 1021 3484 crocini,
1056 3414 1105 3469 eis
1126 3406 1279 3479 praessitus
1301 3408 1338 3467 sit
1365 3409 1545 3482 consensus,
1563 3429 1596 3471 ut
1620 3412 1724 3471 slatiiit
1747 3408 1811 3467 Ur·

268 3480 790 3563 &balim-Donatus,Bordonus,
808 3487 841 3550 dt
859 3489 909 3549 asii
922 3487 1022 3557 passim
1058 3491 1152 3546 banus
1174 3483 1255 3543 VIII.
1276 3482 1408 3545 Conlsit.
1430 3506 1497 3559 quae
1527 3493 1630 3564 incipit
1660 3485 1813 3565 sacrosan·

267 3587 335 3629 cum
356 3570 441 3639 praxi
463 3563 646 3629 universalit
677 3564 766 3626 Circa
799 3586 873 3626 vero
903 3567 1022 3641 Duces,
1057 3569 1136 3627 uum
1154 3564 1339 3640 Apostolum
1352 3562 1546 3640 ministerium
1562 3589 1627 3641 cap.
1648 3586 1675 3629 ι.
1696 3569 1733 3629 de
1752 3567 1814 3642 ιιι,

268 3643 488 3721 Ριιιιιιρις,ὄι
509 3646 645 3708 Ducilias
666 3665 700 3707 ac
718 3644 907 3722 principissae
924 3645 1022 3718 supre·
1057 3664 1122 3720 quae
1143 3645 1223 3718 fiunt
1244 3663 1262 3702 a
1286 3643 1393 3704 maiori·
1417 3658 1500 3719 parte
1531 3647 1660 3724 capituli
1690 3648 1810 3708 Monia-

267 3744 313 3789 ιιι
338 3722 540 3788 iurisdislione
562 3725 596 3788 dt
623 3724 807 3808 aussoritate
835 3724 1021 3802 gaudentes,
1057 3722 1149 3785 sium.
1173 3719 1291 3782 Ferret.
1317 3743 1346 3782 ν.
1366 3724 1493 3785 Maias.
1516 3745 1574 3787 art.
1593 3743 1621 3798 3.
1643 3748 1671 3787 n.
1696 3746 1741 3805 ¹7·

267 3802 337 3869 sicet
360 3806 425 3869 ιιι).
449 3801 618 3880 oppositum
635 3806 671 3865 de
691 3802 736 3865 liis
753 3802 905 3877 sentiant,
922 3809 1021 3878 praxis
1097 3802 1230 3863 Nomine
1259 3800 1445 3865 Monialium
1471 3807 1731 3869 introducentiuin
1759 3803 1810 3864 vel

267 3895 370 3948 temen
390 3886 783 3958 videturincontranum,
802 3882 1021 3948 &BusIaPati
1059 3883 1291 3944 admittentium
1314 3887 1344 3943 in
1372 3881 1548 3946 clausuram
1578 3886 1715 3962 personas
1747 3903 1809 3944 nori

266 3960 286 4022 ιι
308 3955 344 4024 V.
366 3965 551 4027 interdicens
572 3965 666 4024 talem
687 3964 849 4040 ingressum
873 3962 1021 4037 Ducilsis,
1058 3962 1203 4022 babentes
1225 3961 1393 4039 legitimam
1413 3959 1594 4025 facultatem
1618 3967 1746 4046 veniunt
1774 3980 1810 4023 o·

265 4037 488 4107 Mareliionissis
509 4063 542 4105 ac
572 4041 741 4120 Comitissis
761 4042 958 4119 intelligenda
978 4040 1019 4104 eii
1058 4060 1143 4105 mnes
1160 4036 1257 4100 assive
1279 4036 1440 4101 influentes
1463 4046 1493 4101 in
1518 4044 1612 4104 talem
1630 4042 1811 4117 ingressum,

265 4119 301 4182 de
323 4122 405 4201 iilis,
424 4144 490 4198 ques
513 4142 575 4183 non
594 4121 727 4198 gaudent
756 4117 1020 4195 supremaiuullr-
1058 4136 1093 4181 ut
1113 4136 1204 4181 antea
1222 4119 1351 4179 diximus
1372 4122 1409 4180 dc
1430 4119 1604 4195 Resgiosis,
1624 4138 1657 4183 ιιι
1675 4127 1743 4182 ιιιιιι
1764 4122 1811 4179 iri·

265 4199 389 4267 Ilione.
408 4201 531 4265 Etenim
550 4202 587 4264 de
604 4200 790 4275 Prioripibus
805 4199 942 4276 suprema
964 4221 1019 4262 aii·
1058 4202 1213 4271 vitantes,
1236 4193 1429 4258 consulentes
1450 4244 1459 4270 ,
1482 4200 1672 4274 hortantes,
1701 4217 1810 4274 appro-

265 4274 414 4346 slonrite
428 4282 471 4360 g&
489 4276 691 4344 iurisdislione
718 4281 918 4356 gaudentibus
945 4279 1020 4341 nibil
1057 4278 1183 4351 banres,
1202 4274 1404 4337 monstrantes
1422 4280 1500 4354 iter,
1521 4278 1695 4343 auferentes
1716 4284 1809 4352 impe·

264 4359 297 4421 in
312 4361 390 4426 dissi
406 4360 515 4439 Bulla,
532 4375 589 4423 iaec
605 4362 636 4421 in
652 4358 809 4423 noviffima
830 4355 1022 4434 dispositione
1057 4358 1213 4429 dimensa,
1231 4358 1355 4417 ianuam
1380 4361 1569 4435 aperientes,
1597 4380 1647 4421 eas
1673 4363 1810 4433 operien-

265 4429 419 4506 senedrffl
446 4441 528 4504 xiv.
556 4459 609 4517 per
630 4435 713 4501 suam
736 4438 1020 4513 Conslitutionem,
1058 4456 1121 4510 tes,
1136 4434 1340 4498 concedentes
1356 4433 1419 4498 sinc
1438 4436 1618 4502 auslorirste
1633 4437 1677 4501 sui
1695 4436 1808 4509 officii,

359 4524 466 4599 incipit
493 4521 633 4587 salutare
661 4519 694 4581 iii
724 4518 873 4583 carbasini
898 4519 1023 4597 Ecclefia
1058 4521 1295 4593 permittentes.

264 4527 438 4683 mserum
453 4601 581 4665 habetur
597 4599 766 4672 expressum
777 4639 787 4658 .-
812 4595 888 4661 Etsi
905 4598 1019 4674 aliquid
1096 4595 1270 4657 Cardinales
1291 4610 1345 4657 aut
1367 4592 1523 4674 Episcopi,
1541 4593 1606 4663 sive
1625 4598 1677 4661 alii
1700 4591 1811 4660 Praela·

263 4684 366 4745 etiam
388 4684 429 4744 de
462 4678 606 4755 supremis
638 4677 824 4753 Principibus
847 4677 1021 4752 expressum
1057 4678 1082 4738 ιι
1104 4674 1217 4752 ingredi
1245 4694 1310 4735 non
1337 4678 1457 4751 poliunt
1478 4676 1663 4741 Monasleria
1688 4676 1810 4738 Monia-

263 4760 360 4838 esIet,
381 4762 456 4824 ni'bis
477 4759 533 4822 nisi
555 4756 718 4822 secuudum
741 4778 849 4821 eorum
874 4760 1021 4833 placitum
1057 4754 1151 4829 sium,
1170 4774 1237 4828 qua:
1254 4772 1359 4842 eorum
1382 4755 1576 4820 iurisdidsioni
1591 4778 1653 4821 non
1670 4753 1813 4825 subsunt,

265 4840 344 4902 esset
379 4846 593 4916 innov'atum3
629 4861 700 4901 cum
730 4840 829 4899 iuxta·
843 4833 1022 4911 praesentem
1057 4854 1092 4898 ut
1114 4856 1152 4897 ex
1173 4855 1240 4907 cap
1269 4836 1541 4911 Periculosounico
1567 4837 1694 4918 dedatis
1718 4836 1810 4908 Regii·

263 4916 383 5001 slylum
409 4921 573 4984 Cirriatuni
598 4915 805 4993 supremorum
829 4918 1022 4995 Principum,
1036 4949 1041 4986 i
1057 4916 1112 4978 lar.
1133 4934 1172 4976 cx
1192 4912 1332 4976 Concilio
1356 4914 1445 4978 Trid.
1474 4917 1541 4983 Ioco
1560 4922 1613 4979 cit.
1635 4933 1751 4976 necnon
1772 4928 1811 4972 cie

234 4993 446 5075 'Diplon'iata
470 5002 616 5063 Romanae
641 4998 743 5060 Curizv
767 4995 803 5059 ad
825 4993 1021 5069 Disciplinam
1058 4996 1159 5056 allatis
1178 4992 1455 5060 Conslitutinnibus
1470 4998 1500 5058 S.
1520 4997 1564 5060 Pii
1584 4994 1623 5055 V.
1644 4993 1677 5058 ἁ
1696 4991 1811 5067 Grego-

267 5077 459 5163 incitantia,
487 5100 549 5146 nori
569 5075 632 5145 sirie
657 5096 765 5143 eorum
787 5074 899 5152 placito
918 5077 950 5135 iii
976 5094 1020 5138 re·
1058 5076 1094 5137 tii
1115 5072 1201 5136 xiii.
1217 5070 1382 5152 Donatus,
1399 5078 1498 5215 Caii}
1519 5077 1557 5137 de
1577 5073 1726 5138 Alexand.
1745 5068 1813 5132 alii·

335 5199 338 5204 -
1033 5157 1046 5179 '
1538 5172 1557 5214 2
1717 5168 1775 5227 quc
