4584 5992
469 589 489 641 2
793 560 834 629 Τ-
883 568 928 629 ιι·
967 578 991 629 a
1049 576 1074 626 c
1128 578 1153 629 r
1209 579 1234 630 ιι
1290 577 1315 628 r
1372 579 1397 632 u
1455 579 1472 628 s

364 664 444 727 elam
463 658 552 726 fuisse
572 659 604 722 in
621 657 674 722 tali
696 658 899 722 determinata
912 652 1054 731 persona.
1071 652 1119 713 Sic
1156 654 1293 730 adillm,
1316 651 1791 719 pontumaliorumexclusrone.
1818 652 1909 719 Etre-

364 745 525 807 navarros
546 789 553 819 ,
578 736 707 803 Barbosa
734 738 769 799 ad
799 736 866 798 diii.
896 756 962 808 cap.
990 732 1119 794 Concilii
1154 752 1228 797 vera
1247 732 1408 798 Generalis
1436 734 1672 798 Praedicatorum
1701 738 1732 795 in
1753 736 1908 798 nonnullis

366 821 453 885 Trid.
476 842 505 883 ιι.
529 843 558 900 4.
580 821 749 883 Passerinus
769 815 802 880 dr
821 814 891 890 alii,
913 812 993 891 apud
1017 813 1119 874 Dona·
1153 815 1321 878 Provinciis
1350 816 1490 889 proponit
1521 834 1581 877 tres
1610 813 1660 876 vel
1690 831 1824 889 quatuor
1856 833 1906 888 per

364 919 431 964 tum
450 899 484 966 dt
504 899 618 964 Bonae.
639 899 722 974 Quia
742 895 816 959 alias
832 897 1000 968 aperiretur
1017 891 1120 954 viala·
1152 892 1284 956 calculos
1300 893 1453 971 eligendos
1470 915 1487 957 a
1503 895 1682 956 Provincia.
1709 895 1749 955 Et
1771 891 1906 955 releren-

363 976 476 1043 tislima
497 977 670 1051 fraudibus,
690 977 812 1041 &unua
830 972 878 1036 vel
897 973 975 1035 alter
986 974 1119 1047 proprias
1154 991 1186 1036 te
1202 974 1331 1034 Rotario
1347 978 1376 1033 in
1398 973 1642 1051 Congregatione
1670 971 1907 1036 Barnabitarum

361 1058 518 1123 schedulas
538 1055 757 1121 manisellando
778 1053 922 1129 impedire
939 1052 1034 1127 posset
1056 1051 1118 1114 ele·
1153 1051 1341 1115 cumulative
1358 1073 1411 1127 pro
1426 1053 1503 1115 bona
1518 1050 1665 1115 eleslione
1687 1053 1815 1117 babetur
1838 1050 1908 1114 usus

364 1139 496 1203 slionem
512 1141 709 1213 canonicam,
730 1155 796 1210 quae
814 1133 884 1196 talis
908 1129 971 1208 est,
999 1130 1119 1205 quando
1154 1130 1365 1208 scedularum,
1388 1132 1421 1195 dt
1440 1133 1650 1207 calculorum,
1670 1150 1704 1195 ut
1727 1131 1811 1204 supra
1834 1129 1911 1192 dixi·

363 1218 403 1281 fit
425 1219 566 1281 amalori
595 1234 683 1294 parte
711 1214 855 1277 servante
882 1209 1031 1274 secretum
1058 1209 1121 1272 ele·
1153 1231 1236 1273 mus.
1261 1216 1431 1287 Antequam
1460 1211 1515 1274 fiat
1542 1229 1714 1274 conventus
1743 1207 1908 1274 cleriorum

360 1297 468 1361 ilionis
488 1302 676 1360 intentuma
697 1293 902 1367 Tridentino,
928 1311 982 1353 nec
1009 1310 1117 1365 appro·
1153 1292 1189 1353 ad
1209 1289 1387 1371 eleslionem
1405 1293 1603 1354 Praelatorum
1624 1310 1675 1366 per
1696 1289 1909 1363 suffragiorum

361 1377 456 1441 bante
472 1376 642 1452 aliquorum
660 1372 957 1446 manisellationem,
982 1369 1119 1443 quiade·
1153 1373 1349 1436 collationem
1365 1367 1432 1433 usus
1448 1370 1491 1432 ell
1521 1367 1584 1431 sere
1613 1373 1750 1432 omnium
1778 1370 1908 1444 Religio·

360 1458 535 1521 nominatio
556 1454 682 1519 sumitur
697 1472 793 1515 nona
815 1454 943 1525 minori,
965 1446 1011 1510 sed
1027 1467 1118 1511 ama·
1153 1474 1245 1529 num,
1258 1469 1293 1513 ut
1314 1451 1351 1510 de
1372 1470 1461 1511 mane
1477 1453 1591 1520 praevie
1613 1448 1648 1510 ad
1669 1450 1849 1523 Capitulum
1861 1465 1908 1509 ce·

360 1537 419 1599 ioci
442 1554 545 1610 parte.
565 1536 635 1600 Hoc
658 1552 760 1597 tamen
790 1528 941 1594 secretum
973 1528 1118 1603 intelligi·
1152 1531 1285 1594 lebretur
1300 1530 1391 1592 Misia
1412 1532 1449 1590 de
1469 1530 1583 1604 Spiritu
1601 1526 1718 1614 sanilo,
1738 1533 1787 1591 cui
1800 1522 1908 1589 elesio-

363 1634 416 1680 tur
434 1636 505 1678 cum
523 1632 596 1679 toto
613 1618 711 1692 rigore
732 1617 761 1680 in
782 1609 849 1674 ailu
868 1607 1043 1684 eleilioni53
1069 1610 1114 1669 ita
1152 1630 1198 1673 res
1226 1628 1329 1674 omnes
1362 1607 1540 1682 intersunt,
1567 1608 1599 1672 dt
1625 1608 1713 1669 Misia
1736 1606 1911 1682 celebrata,

362 1710 400 1758 ut
421 1694 442 1754 st
465 1713 555 1758 antea
573 1696 719 1770 privatim
740 1691 904 1754 incameris
919 1690 1025 1763 aliquis
1036 1686 1117 1749 liram
1152 1688 1408 1764 processionaliter
1430 1687 1466 1750 ab
1487 1687 1617 1750 Ecclesia
1638 1688 1673 1748 ad
1696 1685 1908 1772 locum-Capi·

360 1776 570 1837 intentionem
587 1768 778 1847 manifestat,
801 1769 855 1833 boc
872 1787 934 1829 non
946 1769 1045 1828 irritat
1056 1765 1116 1828 ele·
1152 1770 1210 1833 tuli
1228 1768 1395 1843 procedunt
1416 1788 1485 1829 cum
1505 1785 1598 1828 cantu
1615 1766 1811 1846 HymniVenr
1823 1769 1905 1826 Crea-

360 1850 510 1925 dlionem,
527 1854 574 1914 sed
596 1851 787 1914 solummodo
806 1848 825 1908 li
845 1848 916 1911 ralia
938 1844 1116 1921 probatio&
1151 1862 1196 1913 tor
1217 1848 1359 1927 Spiritus.
1378 1848 1453 1909 Haec
1476 1863 1579 1909 tamen
1596 1845 1636 1906 eli
1655 1845 1750 1907 solum
1772 1850 1821 1919 pia
1840 1840 1909 1904 sole·

360 1935 514 1997 revelatio
535 1931 590 1994 fiat
607 1935 637 1992 in
658 1928 909 2001 ailueleilionis,
929 1929 1052 1988 minime
1066 1943 1116 1989 ve·
1152 1932 1230 1991 mnis
1242 1924 1909 1998 caeremoniaeleslionempraecedens,mini—

359 2032 396 2075 ro
411 2009 433 2072 sr
451 2009 614 2076 antecedat
630 2028 683 2071 aut
705 2007 914 2083 subsequatur.
941 2006 979 2069 Et
998 2005 1053 2068 hoc
1073 2003 1116 2065 di·
1152 2030 1200 2072 me
1217 2029 1293 2074 veto
1312 2009 1376 2069 eius
1393 2001 1698 2080 formamingrediens
1711 2024 1811 2089 ,curn
1828 2002 1902 2064 deca

359 2092 490 2157 cendum
508 2088 650 2151 esteriam
662 2087 793 2162 respeslu
810 2089 1041 2160 Scrutatorum,
1064 2084 1115 2159 qui
1153 2090 1235 2152 nulla
1257 2088 1313 2150 fiat
1334 2088 1470 2160 mentio,
1487 2086 1698 2159 nequeincap.
1709 2083 1906 2161 Quapropter,

355 2164 467 2235 ¹tamen
484 2169 555 2231 lieet
576 2167 638 2242 poll
659 2167 949 2230 consummationem
960 2163 1114 2229 eleslionis
1154 2188 1251 2246 neque
1271 2171 1303 2229 in
1319 2165 1457 2229 Concilio
1476 2163 1562 2225 Trid.

358 2246 528 2313 revelando
543 2243 682 2324 suffragia
703 2267 766 2309 non
785 2243 1115 2322 valeantampliusred·

350 2326 430 2391 'dere
448 2346 517 2389 eam
538 2327 686 2404 irritam,
714 2344 839 2402 peccant
870 2343 972 2390 tamen
999 2329 1030 2386 ιιι
1059 2323 1115 2386 tali
1332 2325 1359 2389 C
1398 2328 1426 2389 A
1467 2327 1490 2388 Ρ
1530 2320 1563 2386 U'
1603 2322 1633 2385 T
1691 2325 1729 2386 V.

359 2405 572 2480 revelatione,
594 2423 699 2479 utpote
719 2410 768 2481 qni
790 2405 935 2469 deficiant
951 2402 1114 2478 fidelitati,

360 2503 429 2560 quae
447 2504 553 2546 eorum
569 2483 670 2546 officio
687 2490 822 2561 graviter
843 2484 990 2548 incumbit
1005 2527 1012 2542 ·
1299 2490 1344 2550 Dr
1360 2482 1535 2565 Privilegiis
1550 2483 1743 2562 Regularr'urn
1753 2525 1764 2544 .v

265 2616 267 2620 ,
401 2566 507 2635 Queri
526 2564 573 2626 hic
595 2563 694 2640 solet,
716 2587 755 2627 an
776 2568 807 2626 in
832 2563 981 2627 scrutinio
1004 2561 1113 2624 licitus

360 2640 396 2703 sit
416 2639 486 2706 usus
505 2643 687 2706 calculorum
708 2642 759 2706 seu
788 2642 941 2707 fabarum.
966 2646 1115 2706 Putarunt
1156 2645 1259 2798 DE
1276 2645 1443 2723 Privilegiis
1459 2643 1653 2724 Regulatinm
1664 2662 1748 2723 agere
1769 2640 1844 2706 srcut
1863 2643 1909 2705 rei

362 2722 473 2797 aliqui,
497 2725 526 2784 in
543 2720 737 2785 eleslionibus
758 2724 957 2786 Praelatorum
975 2741 1053 2784 nunc
1073 2718 1115 2781 lo·
1250 2724 1417 2800 amplitudo
1436 2720 1512 2802 sert,
1532 2727 1621 2787 nimis
1638 2721 1856 2802 longnmesl'et‚
1873 2724 1907 2786 dt

362 2822 434 2864 cnm
455 2801 580 2876 amplios
605 2822 667 2864 non
693 2801 799 2865 habere
823 2801 907 2865 usum
932 2799 1116 2866 calculorum
1152 2802 1237 2866 simul
1260 2824 1319 2864 non
1338 2808 1440 2878 paucis
1457 2803 1609 2866 odiosum.
1632 2804 1753 2866 Etenim
1778 2801 1908 2864 Privile·

359 2879 415 2944 seu
426 2877 563 2944 fabarum
573 2881 613 2944 ob
621 2884 756 2946 rationes
768 2881 878 2945 relatas
888 2881 935 2944 bic
946 2902 962 2944 a
974 2881 1117 2953 Rotario,
1153 2889 1217 2960 gia,
1233 2881 1340 2958 quibos
1361 2884 1527 2945 identidem
1539 2879 1818 2945 summipontifices
1833 2882 1904 2945 Mo·

361 2959 683 3037 &Pfaeclpueiqssod
705 2958 1006 3024 b0t'm0d0n0ssell
1028 2959 1115 3033 ilem
1154 2962 1272 3026 nallicis
1297 2960 1449 3025 lnslitutis
1478 2959 1618 3026 savorem
1654 2961 1739 3025 suum
1770 2960 1909 3034 praellite·

359 3038 487 3101 libertas
508 3044 540 3100 in
559 3039 721 3116 Capitulo,
737 3044 806 3115 quia
827 3043 859 3100 in
882 3041 936 3104 tali
962 3036 1033 3103 casu
1062 3037 1115 3098 ali·
1154 3040 1424 3121 runt,consrllunt
1444 3048 1594 3117 praecipue
1620 3046 1651 3103 in
1672 3061 1781 3104 corum
1804 3060 1905 3102 exern·

361 3119 426 3192 quis
452 3126 629 3194 proponitur
658 3118 879 3202 al’raesrdente
898 3119 1031 3194 Capituli
1067 3118 1115 3190 qni
1154 3125 1258 3196 ptione
1274 3120 1311 3185 ab
1330 3120 1669 3198 Ordinariislocorum,
1686 3119 1793 3195 quibus
1810 3119 1907 3181 insuia

359 3196 508 3260 labisseu
532 3199 654 3261 calculis
681 3198 861 3275 subiicitur,
892 3219 1009 3261 necnon
1039 3196 1116 3270 qnod
1155 3200 1338 3276 primordii„
1359 3221 1421 3263 ῃοῃ
1442 3198 1523 3264 secus
1549 3221 1583 3263 ac
1609 3201 1660 3264 alii
1681 3219 1818 3275 omnes,
1850 3197 1908 3261 five

362 3278 408 3338 ita
429 3275 496 3339 sciri
520 3281 644 3353 nequit,
673 3298 711 3341 an
736 3282 822 3341 iuxta
853 3276 991 3341 Canones
1012 3270 1118 3337 cicilio
1155 3282 1285 3358 Clerici,
1305 3280 1366 3343 sive
1388 3281 1505 3355 Laici,
1534 3279 1585 3355 ipsi
1614 3299 1734 3354 quoque
1766 3277 1907 3341 Monaclti

360 3352 439 3418 salla
457 3353 492 3418 stt
511 3376 527 3418 a
549 3358 703 3422 maiori&
726 3356 834 3419 saniori
856 3377 963 3434 parte,
986 3378 1055 3419 cum
1073 3350 1115 3414 fa·
1154 3360 1381 3423 subdebantur.
1406 3360 1487 3422 Hinc
1515 3380 1574 3433 quo
1601 3362 1694 3435 magis
1727 3359 1903 3420 extenditur

360 3432 568 3497 bae&⁰⁰l⁶⁰ll
591 3455 882 3511 numerentur,noo
903 3436 1115 3511 ponderentur.
1152 3442 1355 3503 Praelatorum
1376 3440 1573 3515 Regularinm
1596 3438 1777 3512 nullorum,
1807 3438 1904 3499 decre·

359 3513 559 3577 Contrarium
575 3533 678 3579 tamen
700 3516 835 3580 sentiunt
854 3517 1052 3589 Passerinus,
1085 3534 1117 3573 ae
1154 3519 1207 3583 scit
1229 3515 1442 3593 inEpiscopis.
1472 3519 1577 3591 Quare
1600 3514 1780 3594 perdifficile
1803 3515 1847 3578 ell
1867 3517 1907 3579 ita

360 3592 540 3669 Suarezius,
561 3595 638 3671 apud
653 3617 728 3670 quor
752 3597 973 3659 Addictomtor
999 3596 1035 3657 ad
1066 3595 1118 3653 Pa·
1154 3600 1309 3661 moderare
1329 3597 1366 3660 de
1387 3600 1430 3659 bis
1451 3597 1532 3672 loqui
1552 3620 1622 3660 cum
1638 3598 1843 3672 applicatione
1862 3594 1907 3673 ge·

359 3674 571 3733 normiranum
597 3678 628 3734 in
655 3696 721 3750 cap.
749 3675 871 3751 Ecciessa
901 3679 998 3754 vestra
1028 3677 1119 3746 dicit,
1155 3678 1303 3740 neralium
1329 3679 1555 3754 privilegiorum
1572 3676 1608 3740 ad
1627 3677 1830 3753 particulares
1854 3679 1905 3739 eir·

359 3746 446 3810 ”sum
462 3750 494 3814 ὅ(
517 3756 632 3823 braxim
651 3754 712 3816 elle
732 3754 809 3827 apud
836 3773 936 3817 totum
957 3754 1119 3823 mundum,
1155 3756 1372 3829 cumstantias,
1395 3775 1428 3819 ut
1445 3755 1550 3819 saltem
1570 3758 1691 3819 moveri
1713 3772 1845 3829 nequeat
1855 3750 1906 3816 sul·

359 3827 441 3902 quod
463 3828 569 3913 eleslio
590 3831 645 3895 fiat
666 3829 817 3908 periebat
844 3833 894 3896 seu
913 3836 1032 3909 lupinos
1064 3846 1115 3892 aut
1156 3839 1234 3910 picio
1248 3837 1284 3901 de
1306 3836 1397 3898 abusu
1410 3837 1672 3915 velcontemptu;
1693 3834 1773 3897 unde
1783 3833 1821 3896 ad
1832 3853 1905 3909 qua·

359 3909 492 3991 calculos
514 3915 663 3986 lettetot,
679 3911 711 3976 dt
735 3914 996 3977 Rotariovidetur
1016 3910 1119 3971 modus
1155 3915 1224 3978 dam
1245 3917 1457 3978 tantummodo
1477 3915 1654 3979 descendam
1670 3935 1738 3988 quae
1758 3910 1906 3991 magissti·

359 3985 494 4053 securior
515 3989 642 4066 eligendi
666 4010 730 4054 tam
751 3996 1118 4066 prolibertatequampro
1158 4016 1191 4058 ru
1212 3995 1374 4057 necessaria
1399 3993 1601 4072 videbuntur3
1632 4015 1703 4055 enm
1727 3996 1790 4056 iam
1811 3995 1904 4056 etiam

361 4064 478 4133 sessim
505 4118 514 4147 ι
543 4090 644 4146 ὓθιῦθ
668 4072 811 4145 OPPOlltae
846 4077 978 4134 salimes
1006 4072 1117 4143 aliquid
1157 4075 1267 4138 deboc
1297 4074 1395 4137 allum
1419 4072 1477 4150 sit,
1501 4075 1571 4136 dum
1592 4078 1623 4136 in
1643 4072 1793 4136 Traeinu
1816 4071 1908 4136 dele·

360 4151 527 4212 evincunt.
558 4149 589 4211 Sl
620 4153 702 4213 essim
734 4169 785 4226 Ρθῐ
815 4152 894 4212 bunc
924 4148 1120 4235 ¹¹³00'Uffissll·
1155 4156 1239 4232 gibus
1260 4152 1355 4217 sermo
1375 4151 1526 4217 sadlusell
1551 4154 1588 4219 de
1616 4155 1805 4230 Privilegiis.
1837 4152 1909 4216 Satin

361 4226 449 4303 cendi
477 4225 608 4304 dignosci
634 4232 742 4304 nequit
761 4251 799 4294 an
817 4229 925 4292 cicilio
943 4224 1020 4290 fasir
1049 4228 1118 4317 lita
1157 4238 1249 4313 igitur
1267 4237 1327 4297 erit
1350 4237 1381 4296 in
1394 4231 1910 4309 praesentipropositobreviterexn·

362 4303 476 4390 saniori
492 4326 606 4388 parte,
631 4307 688 4371 hoc
720 4306 798 4369 idem
819 4315 880 4370 iam
908 4311 1120 4398 contingitur
1157 4316 1272 4375 minare
1285 4315 1434 4390 originem
1455 4336 1490 4377 ac
1511 4334 1655 4379 naturam
1677 4312 1914 4389 Privilegiorum

360 4388 535 4465 scrutinio,
564 4392 595 4450 in
621 4407 681 4464 quo
704 4406 775 4451 cum
798 4390 973 4464 eligentium
997 4404 1120 4450 nomme
1156 4393 1261 4467 quibus
1282 4393 1411 4468 gaudent
1429 4394 1613 4472 Regulares,
1633 4410 1773 4455 mutuam
1795 4409 1913 4454 eorum·

359 4463 940 4547 publicarinequeant,nequeidcirco
970 4464 1036 4529 sciri
1069 4486 1121 4541 po·
1156 4475 1223 4534 dem
1239 4472 1471 4548 Privilcgiorum
1492 4478 1574 4535 inter
1594 4472 1758 4550 Regulares
1782 4486 1913 4534 commu‘

362 4541 513 4616 telinum
533 4546 714 4628 laniorpars
733 4549 883 4625 elegerit,
913 4544 947 4609 ὃ(
979 4565 1058 4608 nunc
1087 4561 1121 4606 ut
1158 4554 1490 4627 nicationem,eorum
1506 4551 1723 4630 cessationem,
1743 4550 1906 4616 &tandem

388 4642 460 4715 ntea
481 4629 660 4693 notavimus
672 4650 708 4691 tx
718 4631 873 4692 communi
884 4623 1064 4699 Doslotum,
1077 4621 1121 4684 sa·
1158 4631 1293 4693 oracula
1304 4634 1386 4698 vivae
1402 4637 1506 4710 votis,
1522 4652 1557 4697 ac
1572 4634 1800 4709 exemptionem
1811 4628 1914 4702 ahot·

391 4723 436 4766 ror
448 4725 512 4779 pars
524 4709 785 4784 praesumptiveesl
795 4708 934 4780 illa,quar
945 4709 1057 4768 maior.
1075 4702 1122 4765 Ad
1158 4709 1290 4772 dinatio.

274 4850 278 4863 x
390 4783 461 4845 liam
474 4789 669 4851 rarionemde
680 4785 1063 4862 libertateCapitulifiuius
1072 4785 1122 4846 lae·

364 4860 408 4920 sm
416 4860 557 4939 sequatur
576 4889 613 4930 err
637 4864 945 4944 ralimodoeligendi‚
963 4862 1120 4936 respondet

364 4941 532 5009 Passerinus
543 4948 599 5011 boc
615 4945 725 5010 sallum
741 4947 822 5019 elle,
836 4968 905 5009 cum
925 4965 987 5006 non
1006 4943 1040 5006 lit
1051 4963 1119 5007 con·

364 5036 415 5083 tra
432 5024 604 5089 libertatem
619 5027 754 5103 Capituli
770 5027 849 5100 qnod
867 5022 975 5088 Praeser
1013 5041 1122 5099 propo-

365 5118 420 5167 nat
435 5106 606 5211 eligendos,
625 5129 695 5173 tum
710 5104 895 5181 coardlative
911 5126 961 5171 eos
973 5121 1121 5185 proponat
