4584 5992
462 561 538 619 222
841 530 879 606 T
932 554 958 607 n
1014 551 1040 609 Λ
1095 550 1120 603 0
1173 552 1200 609 τ
1256 550 1283 605 Α
1337 550 1363 604 τ
1421 550 1449 603 υ
1504 545 1523 603 8

410 642 569 716 praecipit,
584 628 700 712 etiamst
717 626 801 708 iiia,
820 631 919 708 inquit
932 679 941 709 ,
954 627 1010 711 sui
1028 627 1166 711 gubernio
1203 627 1316 706 aliquid
1331 628 1491 693 essentiale
1511 647 1568 705 pro
1587 623 1669 691 statu
1690 623 1864 722 Religioso,
1881 623 1963 718 quod

409 717 616 792 Militari'um,
634 716 723 777 eiiam
736 709 1017 792 ierosolymitaerum,
1034 714 1163 777 vivarii.
1199 709 1241 775 esi
1263 726 1439 787 paupertas,
1457 729 1531 772 veie
1547 707 1581 773 dc
1598 729 1718 785 proprie
1735 731 1798 774 non
1815 711 1886 775 sunt
1898 713 1962 777 ite·

410 800 551 877 Idemque
579 791 687 859 statuit
713 792 744 854 8.
767 795 836 857 Pius
860 794 898 855 V.
928 791 1056 855 Consilt.
1081 793 1165 855 edita
1200 788 1312 867 ligiofi‚
1346 808 1381 854 ut
1404 807 1491 853 tenet
1514 790 1655 852 Lezzana
1676 789 1828 865 loquendo
1852 791 1889 855 de
1914 791 1963 858 bis

411 882 501 957 1566.
521 897 588 956 quae
599 872 729 950 incipit:
745 870 1003 954 circapistoralii,
1019 872 1164 936 ubiciau·
1200 870 1374 947 Militibus,
1402 867 1488 933 sicuti
1518 889 1580 931 non
1605 869 1673 931 sunt
1699 874 1764 934 veri
1796 871 1961 953 Religiosi,

409 959 511 1026 surani
527 954 668 1022 omnibus
683 952 872 1019 Monialibur
885 952 1104 1017 observandam
1119 955 1165 1014 iu·
1199 948 1370 1026 Conversi,
1391 949 1526 1027 Donati,
1558 948 1683 1026 Oblati,
1702 954 1751 1026 qui
1779 973 1874 1015 unum
1891 970 1964 1015 tan·

405 1040 481 1119 bet,
497 1056 559 1104 non
575 1032 912 1111 obsiantequacumque
927 1030 1171 1117 consuetudine,
1200 1048 1269 1095 tum
1289 1030 1340 1094 vel
1356 1029 1419 1093 duo
1444 1040 1522 1094 vota
1541 1034 1712 1121 emittunt,
1743 1031 1827 1096 Dicit
1853 1050 1962 1097 tamen

405 1141 474 1195 quae
495 1137 589 1184 antea
615 1119 697 1177 inter
717 1130 768 1177 eas
795 1112 915 1177 induila
948 1108 1070 1192 fuisset,
1095 1117 1167 1176 cum
1198 1132 1249 1176 eos
1270 1110 1391 1174 Milites
1409 1130 1449 1173 eii
1469 1108 1630 1190 privilegio
1645 1106 1691 1173 Pii
1712 1100 1765 1173 iv.
1777 1112 1814 1177 ab
1824 1113 1962 1180 Ordina-

407 1197 579 1265 Concilium
597 1193 685 1258 Trid.
707 1192 811 1256 iubeat
832 1191 1059 1257 observantiam
1079 1193 1164 1257 clau·
1200 1196 1246 1256 rio
1261 1207 1421 1265 exemptos
1438 1190 1532 1268 elie„

323 1330 328 1341 .
406 1278 483 1344 surae
500 1270 764 1344 nonobstantibus
784 1272 1165 1338 consuetudinibusetiam
1238 1270 1371 1334 Ordines
1388 1269 1594 1348 supradiilos,
1618 1271 1668 1348 qui
1690 1271 1751 1338 tria
1774 1279 1851 1340 vot'a
1867 1274 1963 1340 emit'·‘

405 1356 727 1429 immemorabilibus,
756 1351 789 1417 &
818 1351 889 1417 huic
911 1353 1091 1432 obligationi
1118 1356 1165 1415 ita
1201 1366 1273 1415 tunt
1297 1349 1420 1415 tametsi
1447 1370 1510 1414 non
1542 1351 1671 1426 persedit
1699 1352 1733 1419 dt
1762 1353 1966 1434 simpliciter,

399 1440 633 1517 ‘adstringuntur
660 1431 835 1508 Moniales,
865 1451 901 1496 ut
930 1432 950 1494 fi
981 1436 1077 1513 etiam
1102 1429 1165 1510 pou
1199 1428 1338 1495 statuunt
1367 1445 1404 1494 ac
1422 1429 1566 1513 sustinent
1595 1433 1708 1510 aliqui,
1735 1450 1770 1497 ut
1798 1437 1963 1513 Lezzana,

404 1519 624 1582 Tridentinam
646 1513 665 1577 S
689 1512 824 1587 nodum,
851 1510 885 1578 dt
906 1511 1028 1577 Bullam
1057 1515 1088 1576 S.
1119 1514 1165 1576 Pii
1199 1508 1332 1573 Sancliez
1357 1556 1367 1586 ,
1389 1510 1595 1592 Hieronymus
1615 1511 1751 1590 ,Garcia‚·
1779 1514 1963 1591 Suarezius,

403 1600 442 1660 V.
463 1599 565 1661 denuo
582 1532 700 1659 indutie
715 1590 790 1655 esset
807 1595 839 1655 in
859 1593 962 1668 aliquo
978 1587 1166 1656 Monasleriu
1198 1590 1395 1656 Peliizzarius
1415 1593 1573 1666 eslevere
1602 1588 1790 1671 Religiosos,
1810 1598 1880 1665 quia
1907 1614 1961 1671 per

403 1674 617 1755 consuetudo,
643 1672 839 1751 &legitimo
870 1688 1005 1746 tempore
1029 1669 1165 1749 praescri·
1200 1668 1278 1747 ipsos
1308 1691 1370 1736 non
1401 1668 1443 1732 esi
1473 1671 1510 1734 de
1537 1671 1664 1734 essentia
1689 1669 1781 1736 slatus
1811 1673 1959 1753 Religiosi

426 1774 476 1834 ta,
505 1757 569 1822 itlae
589 1772 708 1833 quoque
723 1771 792 1830 quae
818 1748 881 1830 posi
898 1749 1101 1816 indusiionom
1115 1768 1168 1818 ta«
1218 1750 1277 1815 uod
1293 1762 1472 1815 voveantur'
1492 1763 1669 1827 paupertas,
1683 1750 1811 1817 castitas
1825 1755 1890 1820 &ci
1910 1753 1962 1819 ab·

403 1779 441 1904 fs
460 1832 705 1911 cotisuetudinis,
727 1826 798 1896 idest
816 1830 975 1896 secundum
997 1832 1075 1899 hauc
1090 1852 1165 1895 con·
1198 1774 1299 1896 fosute
1318 1828 1352 1895 δι’
1372 1827 1544 1906 simpliciter
1566 1833 1663 1908 tales,
1686 1853 1721 1896 ac
1742 1835 1865 1910 proinde
1891 1833 1962 1898 diat

403 1914 598 1986 suetudipem
626 1913 777 1991 Regulam
797 1914 829 1975 iii
848 1913 956 1977 eodem
976 1910 1166 1976 Moriallerio
1200 1913 1318 1975 Milites
1336 1927 1487 1975 voventes
1506 1909 1763 1976 cumobedientia
1781 1912 1962 1979 castitatem

405 1993 546 2073 ‚sofena
562 1987 931 2072 sui,sscnt,cuiuscumque
947 1991 1069 2055 Ordinis
1087 1991 1166 2069 sint,
1200 1992 1384 2057 soiiuumodo
1412 1991 1604 2071 coniugalem
1623 2027 1635 2066 ,·
1670 2009 1884 2070 paupertatem
1914 2016 1963 2058 re·

403 2081 501 2140 etiam
521 2075 736 2140 Cruciatarum
781 2071 1029 2147 quandocumque
1057 2090 1164 2136 eorum
1199 2071 1383 2153 miliaruseu
1409 2070 1521 2143 latam,
1548 2070 1708 2135 constituti
1739 2071 1961 2139 sunt'insiatu

403 2154 528 2222 Praelati
555 2154 650 2217 talem
679 2120 803 2216 abusum
830 2148 996 2216 reformare
1024 2152 1164 2227 vellent,
1199 2156 1265 2215 veri
1290 2146 1452 2229 Religiosii
1471 2150 1576 2214 Status
1596 2155 1679 2213 enim
1698 2152 1874 2216 eorumdem
1897 2154 1960 2218 Mi·

405 2236 587 2302 tenerentur
616 2225 824 2297 reformationi
851 2229 881 2296 se
900 2229 1068 2304 subiicere,
1090 2230 1163 2296 idest
1200 2234 1307 2306 litum,
1329 2232 1359 2291 in
1377 2249 1439 2305 quo
1457 2230 1661 2293 obedientiam
1682 2232 1886 2311 profitentur,
1907 2250 1963 2309 cae·

403 2314 442 2379 ad
466 2313 614 2383 clausurae
644 2312 894 2389 observantiam
920 2316 992 2388 quia
1015 2329 1090 2377 tunc
1117 2310 1165 2376 so·
1199 2311 1336 2375 stitatem
1355 2310 1615 2387 coniugalem&
1632 2326 1868 2390 paupertatem,
1885 2314 1961 2379 licea

406 2395 471 2459 ium
490 2394 556 2470 quis
578 2412 639 2456 nori
670 2411 794 2458 tenetur
821 2390 1034 2457 reformationi
1063 2392 1163 2468 Regii·
1199 2407 1261 2456 nori
1287 2385 1417 2453 ilriilam‘
1442 2393 1478 2450 in
1508 2388 1671 2469 Religione
1695 2391 1890 2468 approbata,
1915 2392 1962 2456 est

405 2475 444 2539 lae
456 2520 466 2551 ,
480 2476 568 2538 cuius
589 2471 844 2537 reformationem
860 2491 921 2535 non
941 2469 984 2536 eti
1002 2469 1175 2548 professus,
1199 2471 1294 2535 status
1317 2465 1526 2548 perstiiionis,
1547 2486 1656 2545 utpote
1676 2476 1728 2546 qui
1756 2491 1819 2534 nori
1846 2471 1882 2535 sit
1900 2470 1963 2536 sia·¹

403 2552 525 2630 quando
560 2553 676 2631 Regula
708 2554 931 2633 mitigationem
958 2572 976 2614 a
1006 2547 1172 2628 Pontificis
1198 2571 1247 2616 tus
1267 2554 1328 2616 viae
1354 2549 1515 2613 ordinariae
1529 2594 1541 2627 ,v
1565 2547 1614 2612 sed
1634 2549 1837 2616 observantiae
1864 2557 1959 2617 trium

402 2630 586 2710 auiloritate
602 2637 739 2710 recepit,
759 2652 819 2695 non
838 2651 914 2695 vero
937 2630 1059 2708 quando
1083 2630 1175 2694 rela·-
1199 2631 1357 2710 Evangelii
1378 2630 1575 2694 consiliorum
1594 2646 1645 2704 per
1663 2632 1714 2694 ilia
1732 2636 1791 2694 tria
1811 2633 1959 2714 distave-

403 2717 493 2778 xatio
512 2712 638 2791 Reguiae
661 2713 804 2789 procedat
827 2712 865 2775 ab
884 2712 1017 2789 opposita
1036 2709 1162 2787 consue·
1199 2732 1249 2791 ta,
1265 2726 1416 2786 quatenus
1433 2709 1471 2773 ad
1494 2709 1588 2771 finem
1607 2714 1785 2775 conducunt
1797 2745 1809 2788 ,·
1826 2714 1899 2774 dum
1927 2712 1961 2776 sd

402 2791 509 2856 tudine
530 2813 638 2857 contra
667 2791 913 2868 observantiam,
936 2796 967 2852 in
995 2792 1163 2871 quasReli·
1199 2808 1283 2857 totos
1305 2794 1334 2853 in
1363 2785 1538 2866 obsequium
1561 2790 1637 2867 Dei,
1665 2791 1774 2867 quiesi
1806 2791 1960 2866 persedlis·

401 2869 491 2958 gipsae
517 2871 621 2948 posita:
641 2868 725 2936 suere
746 2892 762 2935 a
782 2870 906 2935 Summo
923 2868 1092 2947 Pontifice,
1119 2872 1163 2933 id·
1198 2873 1285 2935 sinsus
1310 2870 1398 2948 finis,
1428 2870 1587 2947 tradunt,
1612 2875 1769 2948 vitamque
1797 2877 1963 2943 exponunt

401 2954 485 3015 circo
511 2971 581 3015 cum
607 2953 764 3029 mitigatio
792 2949 885 3013 debiti
906 2951 1056 3015 clausuiae
1087 2948 1161 3013 fitia
1198 2975 1250 3025 pro
1269 2951 1344 3015 Fide
1378 2971 1414 3014 ac
1439 2951 1505 3028 lege
1530 2948 1661 3028 Chrilli,
1688 2951 1722 3015 ἀ
1743 2950 1884 3016 ecciesiae
1905 2952 1958 3017 de·

401 3050 465 3093 nou
486 3026 521 3094 sit
544 3052 561 3094 a
584 3031 698 3106 publica
723 3028 828 3093 summi
851 3030 1009 3093 Pontificis
1035 3030 1158 3093 ausiori·
1198 3030 1349 3103 senione,
1370 3046 1404 3093 ut
1425 3030 1547 3105 quidam
1563 3032 1704 3105 Milites,
1722 3043 1787 3095 non
1805 3031 1890 3095 setus
1921 3050 1959 3097 ac

402 3127 491 3189 tate,
506 3111 755 3186 quandocumque
775 3111 876 3175 denuo
896 3108 1026 3173 eiusdem
1044 3112 1161 3173 relaxa·
1197 3111 1308 3175 strenui
1330 3109 1504 3174 Machabaei
1527 3127 1673 3188 tempore
1688 3113 1855 3192 Synagogar
1882 3124 1958 3177 eon-

401 3192 448 3253 tio
470 3209 521 3266 per
540 3188 791 3254 consuetudinem
818 3190 938 3254 induiia
968 3211 985 3256 a
1020 3190 1161 3254 Praelatis
1198 3210 1244 3255 tra
1262 3189 1479 3269 boslesie'gis,
1509 3187 1633 3257 fortiter
1652 3190 1831 3256 dimicando·
1846 3201 1958 3258 tbntta

281 3337 286 3346 ,
400 3263 559 3334 reformari
580 3267 746 3345 potestat
763 3269 809 3333 Re
830 3272 880 3333 ula
901 3272 931 3331 in
952 3272 1081 3346 priorem
1103 3268 1161 3332 iia·
1198 3270 1335 3348 Tuicas,
1355 3268 1875 3352 saracenos,auosqueinfideles,

401 3367 468 3412 tum
490 3351 613 3427 reduci,
636 3349 670 3415 &
689 3371 760 3414 cum
778 3292 850 3414 tofis
874 3346 1052 3415 reformatio
1073 3353 1160 3414 iuxta
1235 3350 1299 3415 Alii
1322 3372 1418 3429 vero,
1443 3349 1476 3415 ἀ
1502 3351 1685 3429 probabilius
1706 3372 1741 3417 ac
1766 3357 1873 3419 veriu'l
1892 3337 1958 3419 se'n·

400 3430 559 3495 pontilicis
588 3433 682 3509 legem
706 3450 769 3493 non
793 3429 828 3494 sit
853 3429 969 3494 additio
995 3429 1080 3505 supet
1102 3425 1160 3494 Re·
1197 3436 1302 3510 tiunt,
1331 3431 1605 3514 contenduntque,
1632 3425 1837 3498 huiuscemodi
1870 3436 1955 3499 Mili·

421 3508 521 3586 ulam,
551 3528 696 3574 tenentur
722 3508 875 3575 Moniales
900 3531 1002 3576 ornnes
1026 3511 1095 3574 huic
1117 3528 1171 3573 re·¹
1197 3532 1270 3592 tes,
1297 3530 1338 3578 eo
1365 3516 1436 3590 quia
1463 3534 1525 3579 uon
1555 3532 1693 3581 voveant
1729 3515 1957 3581 observantiam

400 3531 607 3667 formationi,
637 3586 709 3653 idesi
730 3587 932 3654 observantie
961 3591 1108 3656 clausurae
1131 3591 1161 3656 se
1197 3600 1290 3659 trium
1306 3596 1500 3677 consiliorum
1527 3595 1685 3676 Evangelii
1704 3593 1851 3674 persedle.
1872 3596 1926 3662 abs
1954 3621 1956 3623 ’

399 3665 564 3747 subiicere,
580 3668 702 3733 tametsi
724 3687 861 3751 tempore
881 3691 984 3733 earum
1006 3668 1159 3746 professio
1196 3677 1281 3752 lure,
1306 3676 1339 3741 dc
1352 3674 1550 3758 simpliciter,
1576 3701 1646 3745 cum
1663 3697 1807 3749 voveant
1828 3678 1956 3742 cellita·

398 3752 448 3812 nis
467 3768 528 3813 non
547 3752 688 3828 vigeret.
1130 3825 1134 3829 ,
1197 3774 1259 3821 tem
1289 3757 1477 3822 solummodo
1499 3759 1707 3839 coniugalem,
1731 3759 1766 3825 ἀ
1792 3772 1956 3836 pauperta⁴

438 3829 694 3893 controvertitur
714 3830 795 3894 inter
821 3825 985 3907 Dodones,
1005 3851 1079 3894 num
1099 3829 1158 3897 Mi·
1196 3852 1259 3915 tem
1280 3837 1355 3900 adeo
1370 3840 1538 3918 remiilam,
1559 3841 1593 3905 ἃ
1611 3842 1734 3919 latam,
1751 3862 1786 3905 ac
1803 3841 1868 3903 sere
1885 3837 1956 3904 nui-

397 3909 501 3974 litaics
529 3909 677 3986 Ordines,
705 3912 736 3972 in
762 3912 867 3987 quibus
888 3914 949 3975 tria
969 3929 1046 3977 vota
1067 3919 1160 3976 emit·
1196 3919 1273 3995 lain,
1302 3939 1362 3982 non
1388 3919 1450 3993 elie
1476 3940 1566 3985 veros
1595 3920 1781 4001 Religiosos3
1809 3921 1893 3984 Nam
1918 3919 1956 3985 ad

400 4007 533 4066 tuntur,
564 4008 598 4053 ut
629 3988 701 4055 sunt
730 3986 859 4055 Ordines
884 3992 1027 4068 Equitum
1052 3991 1090 4055 D.
1114 3992 1160 4058 la·
1194 3998 1353 4064 essentiam
1373 4000 1516 4079 Religiosi
1551 3999 1664 4079 slatus,
1693 4019 1727 4065 ut
1759 3998 1848 4077 supra
1876 4003 1956 4065 ridi·

397 4070 487 4147 tobi,
509 4069 1082 4149 Alcantarae,Caltiavae,licetnnn
1103 4094 1160 4138 vo·
1194 4101 1277 4155 mus,
1309 4082 1475 4155 requiritur
1503 4100 1538 4145 ut
1572 4098 1729 4145 voveatur
1755 4083 1956 4146 observantia

397 4168 492 4211 veant
515 4148 692 4215 caslitatem
714 4149 766 4213 nisi
795 4154 1005 4232 coniugalem,
1031 4153 1064 4218 dc
1087 4176 1160 4230 pau·
1193 4157 1393 4236 obedientiae,
1418 4157 1590 4239 easlitatis,
1608 4161 1641 4226 dt
1666 4167 1880 4240 paupertatis,
1904 4162 1958 4227 ab·

397 4246 550 4319 pertatem
580 4251 641 4293 nori
672 4229 861 4308 perseilam,
894 4232 965 4297 idell
991 4254 1054 4295 non
1082 4235 1160 4300 adeo
1194 4238 1318 4314 solute,
1347 4237 1551 4318 simpliciter,
1579 4238 1612 4305 ἃ
1636 4257 1725 4315 prout
1752 4240 1822 4306 sunt
1852 4242 1955 4308 tases.

395 4303 544 4384 sitistam,
570 4308 648 4373 sicut
670 4312 737 4374 aliae
755 4312 934 4393 Religionts
956 4312 1161 4393 profitentur,
1192 4319 1270 4382 Cum
1297 4321 1388 4398 igitur
1409 4319 1538 4397 praediili
1572 4317 1692 4384 Milites
1722 4341 1784 4384 non
1815 4336 1958 4386 voveant

353 4441 362 4461 „
397 4383 456 4464 sint
480 4408 554 4452 vere
569 4390 638 4453 Reli
662 4391 735 4467 ioli,
755 4393 832 4467 quod
856 4394 934 4455 idem
957 4391 999 4457 esi
1020 4415 1055 4458 ac
1075 4415 1160 4470 quat·
1193 4397 1389 4463 consiliorum
1405 4395 1636 4466 observantiam
1655 4398 1808 4480 absolute,
1830 4403 1864 4466 dt
1887 4400 1958 4465 sim·

396 4486 543 4561 rere,an
560 4469 597 4532 ad
615 4411 812 4534 substantiam
833 4470 1090 4565 Religiosillatus
1114 4495 1159 4537 te·
1194 4482 1312 4555 pliciter
1333 4478 1462 4555 talium,
1494 4480 1568 4547 idest
1598 4477 1727 4557 perteue
1757 4484 1788 4544 iu
1809 4499 1882 4547 toto
1903 4482 1958 4548 suo

396 4565 559 4626 quitantur
579 4547 707 4613 vota&
733 4548 928 4616 observantia
951 4572 1044 4616 tuum
1061 4552 1157 4617 consi·
1193 4560 1255 4621 elie
1278 4557 1483 4635 subsiantiasi,
1503 4558 1516 4638 s
1537 4561 1648 4626 exinde
1666 4565 1748 4624 enim
1776 4563 1852 4626 talia
1877 4579 1959 4628 vota

399 4627 511 4691 liuium
529 4628 804 4710 Evangelicorum,
822 4632 1006 4697 obedieutiae
1024 4631 1159 4710 scilicet,
1193 4641 1337 4703 dicuntur
1357 4638 1586 4719 substantialia,
1603 4661 1692 4717 prout
1710 4662 1817 4719 nempe
1840 4646 1872 4704 in
1900 4640 1958 4707 tall

393 4706 545 4771 casiitatis
566 4710 599 4773 dc
621 4714 825 4787 paupertatis,
842 4732 908 4786 quie
931 4709 1066 4787 peistiiae
1080 4713 1158 4790 sint,
1193 4736 1300 4782 eorum
1325 4712 1518 4794 promissione
1537 4719 1673 4786 consillit
1695 4722 1790 4785 slatus
1822 4722 1958 4802 Religio·

235 4772 248 4793 s
271 4815 276 4831 ι
395 4786 625 4863 &impliciter
651 4790 745 4852 tales.
763 4789 845 4851 Nam
861 4789 898 4853 de
920 4792 987 4855 aliis
1013 4792 1158 4858 Militari·
1194 4797 1238 4860 sus
1260 4797 1336 4875 ised
1357 4797 1547 4878 impersesie,
1573 4800 1705 4866 limitare
1727 4799 1777 4865 seu
1802 4803 1958 4868 conditio·

396 4866 452 4930 biis
478 4868 660 4947 Ordinibus,
689 4887 725 4931 ut
747 4870 775 4931 S.
796 4870 956 4944 Mauritii,
980 4874 1009 4935 S.
1031 4875 1157 4951 stephi-
1193 4896 1287 4956 nate,
1311 4900 1372 4942 non
1398 4880 1467 4942 sunt
1492 4884 1556 4943 veri
1582 4880 1616 4946 ἃ
1636 4879 1876 4949 substantialiter
1896 4885 1958 4946 Re·

397 4952 451 5019 ni,
469 4949 498 5009 8.
519 4950 652 5025 Lazari,
672 4947 704 5013 dt
727 4948 746 5011 si
767 4954 818 5026 qui
834 4950 889 5012 alii
913 4950 969 5015 sint
983 5001 991 5028 ,
1007 4976 1076 5016 cum
1096 4955 1157 5019 duo
1195 4958 1310 5037 ligioli.
1337 4958 1386 5021 Sic
1411 4960 1448 5021 D.
1474 4958 1612 5023 Thomas
1632 4960 1774 5038 expressis
1806 4962 1906 5027 verbis
1927 4983 1956 5024 a:

400 5042 525 5089 tantum
557 5048 632 5093 vota
666 5032 842 5107 emittant,
871 5029 1016 5095 cassitatis
1049 5055 1156 5109 nempe
1193 5057 1221 5098 2.
1246 5063 1271 5115 q.
1297 5038 1364 5102 186.
1388 5058 1447 5103 art.
1471 5042 1596 5117 4·ad·3·
1616 5042 1655 5105 Et
1675 5044 1730 5104 hoc
1752 5043 1957 5109 habetetiani

395 5107 564 5185 coniugalis
587 5106 621 5174 dt
641 5107 847 5189 obedientie,
874 5132 944 5179 cum
968 5119 1013 5177 eis
1033 5112 1154 5184 deficiat
1193 5137 1286 5198 caput
1309 5123 1383 5183 Cam
1402 5118 1444 5181 ad
1459 5121 1672 5202 Monassrri'ain
1692 5125 1730 5187 de
1745 5125 1828 5206 statii
1847 5130 1957 5189 Morio»

1547 5212 1549 5214 ’
1850 5207 1918 5271 cbo·
