4584 5992
716 560 799 610 ne
852 538 1266 615 Caesonis
1322 538 1473 613 Cae.
1528 545 1556 616 l.

366 663 428 710 aton
445 639 582 721 percelli,
600 636 652 719 qui
667 648 753 703 extra
774 635 859 713 ipſsrss
876 635 1058 701 icrriioriurr
1071 637 1128 715 jeu
1162 636 1299 702 subditus
1324 716 1329 723 Ι
1357 637 1537 717 ubicumque
1557 658 1788 723 conrnsoretur,
1820 652 1922 722 puniri

368 724 519 804 Dioeilfim
532 720 677 803 fuldis*
697 741 706 794 i
736 736 798 779 ⁰01¹
816 714 906 779 affert
932 738 986 793 aro
1005 719 1129 779 ratione
1164 736 1258 790 uuest
1276 738 1292 779 a
1313 685 1368 782 suo
1387 717 1525 796 Pastore,
1546 724 1624 784 alter
1647 742 1771 789 repom
1789 725 1922 792 suham

368 805 520 869 siatutum
535 800 679 878 respicere
695 798 889 860 territorium
909 844 917 884 ,
950 817 1011 885 non
1029 794 1129 884 perso·
1164 794 1259 863 solum
1281 794 1442 863 secundum
1457 802 1546 876 quid,
1575 801 1629 862 nisr
1649 823 1806 869 remanens
1824 811 1855 870 in
1874 809 1921 873 lo·

371 905 448 962 nas,
465 881 512 945 led
533 885 623 943 unice
638 877 715 954 quod
735 886 824 939 exire
841 887 1023 940 territorium
1037 871 1130 952 ruscie-
1163 898 1201 941 co
1218 874 1340 952 delier,-
1362 877 1415 939 nifi
1437 879 1526 943 iudex
1547 880 1606 946 loci
1615 882 1651 944 ad
1671 890 1761 959 quem
1780 885 1921 966 recellit,

370 966 451 1036 senii
465 984 523 1026 nors
534 972 656 1040 peretur
678 959 793 1035 impunc
811 997 818 1015 .
849 955 1011 1032 Episcopus
1028 974 1130 1017 autem
1163 976 1234 1019 eum
1251 955 1288 1018 ad
1303 975 1405 1031 preces
1425 957 1534 1022 Iudicis
1551 961 1609 1023 loci
1632 961 1733 1026 desilii
1747 969 1922 1043 citaverit,

369 1033 435 1109 sive
455 1042 606 1106 statutum
621 1038 719 1116 serat,
745 1052 798 1098 aut
819 1031 1002 1099 sententiam
1021 1052 1129 1096 contra
1165 1054 1219 1100 aut
1239 1034 1386 1101 remiserit
1397 1083 1406 1114 ‚
1428 1057 1462 1100 ut
1483 1036 1583 1104 facem
1607 1060 1748 1106 tenetur.

369 1121 526 1188 absentem
553 1124 585 1182 in
612 1120 708 1182 aliena
740 1112 894 1184 Dioecefi‚
926 1115 997 1177 idest
1020 1132 1129 1176 contra
1206 1114 1373 1201 Extranei,
1402 1116 1436 1182 &
1462 1122 1531 1197 uagi
1555 1123 1652 1184 etiam
1677 1139 1816 1188 errantes
1837 1125 1921 1204 ligari

368 1223 470 1281 eum,
505 1201 555 1275 qui
584 1197 687 1262 incola
712 1192 755 1258 est
785 1211 875 1258 extra
900 1190 986 1258 suum
1003 1196 1129 1258 territo-
1165 1198 1287 1267 poliunt
1306 1192 1434 1260 censura
1456 1198 1519 1260 lata
1541 1220 1593 1274 per
1614 1199 1787 1281 flaturum,
1809 1222 1922 1269 mmet.

368 1285 468 1356 rium,
490 1278 590 1356 ibique
606 1278 781 1351 delinquit,
814 1275 874 1335 iam
892 1294 965 1338 vere
985 1277 1031 1336 ius
1051 1273 1128 1335 dicit
1163 1272 1327 1353 stingrelsr
1356 1295 1420 1339 non
1441 1274 1500 1341 lint
1522 1276 1575 1339 nist
1605 1277 1759 1357 postquam
1779 1286 1843 1347 lm
1861 1283 1922 1349 su„

367 1380 462 1430 extra
488 1357 573 1423 suum
602 1358 819 1421 territorium.
849 1352 948 1430 igitur
978 1351 1128 1416 subditum
1161 1352 1308 1432 tensura;
1328 1354 1373 1417 ita
1392 1355 1510 1430 plurimi
1531 1378 1641 1422 contra
1664 1364 1768 1425 aliose
1791 1364 1877 1440 Qua
1900 1365 1920 1426 fi

366 1442 456 1508 suum
472 1456 559 1505 extra
581 1439 731 1513 proprium
754 1434 944 1496 territorium
964 1431 984 1493 sr
1007 1447 1128 1509 peccet,
1162 1438 1302 1499 extranei
1321 1452 1468 1499 tenentur
1490 1437 1606 1516 legibus
1629 1441 1767 1505 locorum
1801 1448 1830 1505 in
1852 1449 1918 1516 qui-

369 1542 462 1601 poena
488 1516 623 1583 censurae
648 1513 739 1579 serite
764 1518 893 1585 nequit.
927 1513 1010 1576 Nam
1040 1511 1127 1573 sicuti
1162 1513 1215 1576 bus
1236 1516 1371 1587 vivunt,
1388 1531 1423 1578 ut
1434 1514 1545 1580 dicitur
1557 1520 1589 1579 in
1602 1518 1920 1603 traiiatudelegibus,

370 1599 495 1668 censura
512 1617 565 1675 per
593 1595 716 1659 modum
734 1593 840 1657 llatuti
864 1595 907 1656 ita
929 1591 1047 1668 respicit
1066 1609 1128 1654 ter·
1163 1593 1310 1656 videntur
1328 1590 1453 1655 obnoxii
1471 1599 1566 1659 etiarn
1581 1596 1921 1679 censuris,quaeviola·

371 1684 547 1756 titoriurn,
575 1695 609 1740 ut
631 1672 824 1750 personarum
840 1673 1048 1735 conditionem
1065 1692 1127 1733 uon
1164 1674 1243 1736 tioni
1263 1673 1362 1752 legum
1382 1679 1558 1737 eorumdem
1578 1675 1645 1741 lunt
1676 1700 1824 1758 aunem,
1844 1683 1919 1747 licet

369 1763 536 1837 excipiat;
568 1778 602 1821 ac
631 1756 700 1819 ideo
722 1773 776 1817 nec
808 1753 983 1829 delinquens
1018 1751 1127 1825 ubique
1163 1753 1200 1813 ob
1221 1748 1348 1827 ipsarum
1366 1751 1465 1829 legum
1477 1759 1683 1831 ignorantiam
1702 1758 1920 1837 saciliosquam

370 1838 494 1906 censura
514 1837 599 1915 ligari
619 1833 715 1912 potest
737 1855 745 1907 ;
779 1835 824 1896 ita
845 1834 910 1920 lata
934 1852 987 1907 per
1006 1828 1127 1894 senten·
1163 1830 1272 1894 incolae
1290 1834 1417 1895 iudicari
1438 1833 1546 1906 poffint
1568 1840 1716 1903 immunes
1737 1864 1753 1902 a
1774 1840 1917 1905 censura,

370 1924 446 1985 tiam
472 1917 511 1981 sic
537 1922 634 1995 primo
659 1912 779 1988 respicit
810 1913 988 1988 personam,
1009 1927 1127 2003 utnon
1161 1912 1274 1988 Quia,
1299 1931 1334 1975 ut
1363 1908 1443 1977 teile
1461 1914 1536 1978 dreit
1555 1915 1668 1981 Suatez
1689 1968 1698 1995 ,
1720 1918 1920 1988 statutum&

371 1999 517 2065 excludat
535 1997 687 2074 proprium
704 1995 922 2067 territorium,
952 2010 985 2053 ac
1004 1990 1127 2066 proinde
1162 1990 1343 2056 constitutio
1364 1993 1513 2068 primo&
1545 1996 1643 2070 perse
1662 1997 1752 2063 datur
1773 2020 1827 2076 pro
1854 2004 1920 2077 ipl'o

371 2102 426 2144 nec
444 2077 590 2140 subditam
622 2073 777 2151 personam
804 2067 985 2146 ubicumque
1000 2088 1129 2144 peccet,
1164 2073 1340 2148 territorio,
1356 2089 1392 2135 ut
1415 2072 1531 2137 scilicet
1551 2078 1601 2151 qui
1621 2081 1651 2139 in
1666 2098 1704 2141 eo
1726 2079 1839 2157 degunt
1851 2127 1858 2155 ‚
1871 2096 1919 2142 ta·

371 2159 463 2223 liare
485 2173 604 2233 queat.
641 2151 857 2225 Hinccolligt
884 2146 1128 2214 Compensatio
1162 2151 1183 2212 li
1204 2152 1347 2216 modo&
1367 2154 1472 2216 ordine
1489 2151 1518 2216 se
1538 2176 1672 2233 gerant.
1700 2160 1851 2235 Quocirca
1884 2179 1920 2221 ne

371 2181 487 2314 isquos
504 2238 630 2299 asserere
646 2283 655 2305 .
670 2233 749 2310 quod
766 2230 854 2307 i0ss¹t
871 2227 1033 2307 Emscolffls
1050 2250 1126 2319 1³¹2}-
1164 2231 1235 2294 talis
1252 2231 1328 2295 ordo
1345 2229 1379 2296 dt
1396 2254 1454 2310 pax
1472 2239 1619 2299 territorii
1637 2237 1798 2312 turbetur,
1814 2258 1915 2311 operz

370 2322 472 2393 cipere
490 2320 548 2378 luis
562 2314 708 2391 Clericis,
723 2332 761 2375 ne
785 2309 909 2388 Sacrum
925 2308 1078 2375 celebrent
1096 2329 1126 2370 rn
1163 2313 1293 2386 pretium
1316 2310 1379 2388 est,
1406 2329 1442 2375 ut
1464 2318 1560 2378 eciam
1585 2332 1707 2382 exteros
1728 2316 1805 2393 ipsos
1836 2338 1921 2391 perc-

371 2399 471 2463 aliena
488 2393 640 2472 Dioecesr3
661 2413 732 2456 nam
752 2392 829 2469 hoc,
850 2394 915 2467 ait,
935 2389 1070 2452 invalide
1082 2386 1126 2450 sa·
1161 2396 1317 2470 grinantcs
1337 2389 1488 2456 statutum
1504 2395 1597 2473 ligare
1616 2395 1743 2474 debeat,
1775 2395 1809 2461 bt
1831 2396 1870 2459 lic
1887 2397 1918 2459 hi

370 2494 482 2552 ceree,
511 2474 564 2537 nisi
595 2471 675 2537 forte
696 2489 845 2547 quatenus
871 2492 908 2531 ex
936 2466 1009 2532 iulia
1026 2470 1125 2534 caussa
1164 2488 1310 2534 tenentur
1331 2471 1398 2536 aliis
1419 2472 1507 2537 illius
1523 2477 1673 2538 territorii
1695 2473 1723 2538 se
1741 2472 1915 2540 conforma·

325 2569 345 2636 ᾗ
371 2555 414 2621 his
432 2558 595 2631 praecipere
613 2553 737 2631 pollet,
767 2572 805 2614 ne
826 2548 990 2612 eDioecesr
1009 2551 1127 2626 egrede·
1163 2572 1211 2613 re.
1234 2549 1325 2612 Unde
1353 2552 1430 2627 quod
1453 2552 1523 2616 huic
1544 2552 1659 2616 llatuto
1688 2555 1796 2619 subditi
1829 2552 1919 2628 lint,

369 2655 478 2701 rentur
500 2683 508 2710 ,
536 2654 594 2710 quo
614 2639 646 2696 in
663 2628 734 2695 casu
751 2632 870 2707 proprie
886 2650 948 2692 non
966 2645 1126 2702 peccarent
1163 2651 1225 2691 non
1244 2634 1345 2693 oritur
1370 2650 1409 2691 ex
1430 2628 1557 2713 desisto,
1587 2632 1636 2694 led
1659 2654 1700 2697 cx
1721 2632 1828 2698 allusu
1854 2638 1919 2698 exp.

367 2716 437 2779 alibi
469 2716 592 2778 Sacrum
614 2708 826 2786 celebrando,
860 2707 908 2770 sed
928 2707 1068 2768 exeundo
1088 2725 1128 2767 ex
1163 2707 1275 2771 slentia
1296 2707 1330 2771 dt
1349 2713 1579 2771 conversatione
1596 2713 1626 2773 in
1647 2712 1702 2775 tali
1732 2715 1917 2789 territorio,

369 2793 526 2857 Dioeceli.
548 2784 830 2867 Qrodsrsorteex
850 2787 905 2850 tali
921 2784 1129 2848 celebratione
1163 2785 1196 2850 dt
1224 2806 1263 2849 ex
1289 2787 1416 2862 quadam
1443 2788 1580 2853 naturali
1608 2791 1796 2870 obligatione
1827 2815 1918 2867 quam

367 2873 531 2937 Miliarum
559 2875 589 2931 in
620 2867 718 2930 altera
747 2862 877 2927 Dioecesr
905 2866 1128 2940 contingeret,
1162 2866 1317 2930 contrahit
1344 2870 1394 2940 qui
1421 2868 1525 2943 aliquo
1545 2872 1578 2930 ip
1607 2870 1677 2935 loco
1697 2890 1852 2948 mmm„
1882 2890 1918 2937 u,

366 2970 406 3015 ut
444 2950 563 3025 propria
588 2942 735 3010 Dioeccsts
763 2944 870 3006 Milias
895 2963 957 3005 non
985 2941 1126 3016 haberet,
1162 2944 1293 3009 moribus
1308 2945 1391 3009 illius
1407 2946 1464 3010 loci
1486 2946 1516 3009 se
1536 2946 1707 3015 conformet
1723 3001 1732 3030 ,
1748 2952 1845 3017 donec
1865 2951 1918 3015 ibi-

367 3033 399 3091 iss
416 3030 473 3092 ‘³¹¹'
501 3028 599 3103 sisu,
628 3043 662 3087 ut
691 3022 760 3085 vult
785 3020 872 3087 Ausi·
898 3022 993 3107 ,Sulis
1016 3023 1123 3084 Moral.
1161 3025 1229 3086 dem
1253 3045 1410 3089 remanet:
1435 3030 1480 3090 ita
1497 3045 1533 3091 ut
1560 3028 1580 3090 li
1602 3027 1751 3095 statutum
1767 3030 1918 3108 obligaret

370 3108 508 3175 Tournel.
543 3103 720 3169 Sacerdotes
750 3102 795 3163 illi
829 3100 959 3165 censuris
992 3098 1123 3190 subiace3
1161 3105 1211 3167 lub
1231 3106 1338 3181 culpa,
1358 3106 1433 3168 illud
1448 3107 1595 3172 violando
1609 3130 1773 3190 peccaret,
1795 3133 1829 3175 ac
1849 3113 1918 3175 ideo

369 3208 436 3253 rent
458 3237 468 3264 ,
489 3188 560 3263 quia
578 3187 652 3247 iuris
673 3179 791 3244 fissione
810 3183 842 3243 in
861 3185 978 3257 propria
996 3179 1123 3244 Dioecesr
1161 3182 1180 3245 ss
1197 3187 1223 3245 ei
1243 3204 1363 3250 annexa
1381 3185 1417 3247 stt
1433 3192 1572 3263 censura,
1595 3210 1663 3251 eam
1680 3212 1798 3265 quoque
1815 3194 1918 3253 incur·

370 3267 607 3343 delinquerent:
640 3261 781 3325 Tandem
802 3261 880 3324 idem
907 3260 1053 3324 Colilnch·
1071 3260 1125 3324 ob·
1160 3263 1332 3340 retet3nisr
1353 3265 1506 3329 conslaret
1523 3268 1806 3344 nolleSuperiorem
1820 3270 1919 3331 eidem

370 3344 489 3422 servat,
511 3344 589 3421 quod
610 3341 765 3417 Clericus,
782 3343 830 3415 qui
852 3340 1006 3417 legatione
1023 3341 1123 3416 aliqua
1159 3361 1327 3406 extraneo,
1338 3344 1501 3416 subpoefe,
1518 3350 1567 3419 qu,
1581 3349 1715 3408 ,nimum
1731 3369 1792 3408 non
1805 3348 1918 3411 habent

372 3424 505 3502 Episcopi
531 3426 655 3487 nomine
673 3421 872 3503 iungeretur,
888 3418 1032 3482 lubieilus
1049 3436 1123 3481 tunc
1161 3422 1199 3485 ibi
1227 3425 1434 3485 commorandi
1467 3422 1519 3487 sex
1545 3444 1600 3489 aut
1627 3426 1754 3499 amplius
1774 3425 1918 3503 menses,

370 3507 440 3570 esset
460 3499 679 3584 specialiter&
709 3500 907 3576 personaliter
927 3495 983 3559 suo
1006 3497 1124 3572 Episco·
1159 3503 1233 3576 quia
1252 3522 1323 3566 cum
1338 3502 1473 3567 censurae
1494 3525 1554 3566 non
1574 3503 1707 3581 obligent
1724 3506 1918 3567 ulttainten·

417 3634 425 3663 ,
445 3606 484 3648 eo
501 3584 581 3660 quod
598 3584 662 3643 eius
684 3580 816 3642 adlioues
843 3595 917 3641 tunc
933 3577 1075 3640 cederent
1092 3580 1123 3638 in
1161 3584 1276 3642 tionem
1295 3598 1347 3644 eas
1370 3579 1520 3661 serentis,
1541 3582 1700 3647 dicendum
1718 3583 1785 3661 eli,
1811 3602 1917 3648 extra·

369 3605 513 3729 ignorem
535 3681 589 3726 aut
606 3661 732 3724 dedecus
747 3659 859 3734 proprii
878 3656 1037 3733 Episcopi.
1059 3653 1123 3717 Un-
1160 3678 1249 3734 neos,
1269 3661 1319 3734 qui
1341 3680 1448 3737 parum
1464 3670 1608 3736 temporis
1632 3664 1671 3726 ibi
1693 3664 1763 3728 sunt
1779 3682 1918 3729 naoratu·

369 3744 402 3806 de
419 3746 560 3822 colligit,
577 3762 647 3804 eum
674 3742 704 3801 in
721 3739 789 3802 loco
820 3738 979 3809 legationis
996 3735 1122 3800 censura
1159 3743 1183 3802 ri
1198 3786 1207 3815 ,
1225 3739 1270 3801 his
1289 3737 1421 3803 censuris
1442 3762 1504 3805 non
1521 3742 1696 3808 subiacere,

365 3821 449 3905 'ligari
472 3823 554 3899 posse
571 3822 606 3883 ab
627 3819 735 3883 eodem
755 3816 808 3880 suo
834 3814 1003 3892 Episcopo.
1197 3818 1227 3880 Si
1248 3816 1372 3883 censura
1386 3816 1504 3885 seratur
1526 3844 1577 3896 per
1606 3824 1726 3886 modum
1749 3820 1916 3887 sententiae

414 3904 607 3976 Extraneus,
625 3900 714 3973 quiin
730 3899 832 3961 alieno
847 3900 1008 3960 territorio
1023 3892 1122 3959 delio·
1160 3919 1188 3961 v.
1210 3920 1237 3976 g.
1255 3900 1299 3977 fia
1318 3897 1373 3979 ipso
1382 3898 1462 3979 fago
1479 3903 1745 3966 excommunicatus
1766 3902 1817 3979 qm·
1843 3906 1918 3965 mu,

369 3989 430 4059 quit
452 4001 563 4047 contra
581 3986 626 4043 ius
642 3997 752 4042 natura
760 3978 787 4040 le
804 3995 857 4040 aut
875 3993 1035 4040 commune
1049 4024 1057 4052 ,
1073 3974 1122 4038 su·
1159 3978 1236 4040 iiam
1255 3977 1338 4044 balei
1356 3979 1542 4122 ialrsfurii,
1562 3983 1618 4061 nist
1636 3983 1768 4056 revelet,
1796 4002 1859 4043 non
1882 3982 1918 4043 li·

370 4060 434 4126 biici
454 4063 555 4140 potest
573 4061 707 4124 censurae
725 4056 779 4120 nisi
799 4054 1007 4129 satisfecerim
1029 4052 1063 4118 ἃ
1079 4054 1121 4117 est
1157 4076 1291 4137 gateos,
1310 4063 1361 4135 qui
1373 4080 1427 4122 nec
1448 4082 1499 4122 um
1515 4082 1605 4125 epam
1623 4066 1653 4122 in
1670 4063 1916 4124 territoriotpm.

367 4144 637 4218 communis;·quia
662 4136 900 4213 excapulrimo
919 4137 954 4199 de
968 4134 1122 4215 forocorn-
1158 4158 1229 4215 pore
1259 4159 1320 4214 quo
1347 4140 1414 4202 1212
1444 4138 1523 4204 furt:
1557 4143 1639 4213 Qu„
1665 4138 1737 4202 (ὡς
1761 4138 1916 4204 sementi,

364 4222 472 4300 misti
488 4218 617 4285 sortitur
635 4217 734 4282 sorum
752 4224 869 4282 ratione
889 4214 1005 4279 desilii.
1025 4214 1122 4293 igitur
1158 4214 1259 4281 sertur
1285 4238 1337 4294 per
1363 4217 1485 4283 modum
1515 4221 1659 4298 praecepti
1697 4216 1884 4284 transcurris
1909 4268 1918 4299 ,

365 4303 507 4377 quamdiu
528 4319 633 4364 manet
662 4302 693 4359 in
713 4297 765 4361 illa
788 4296 918 4360 Dioeceli
941 4345 967 4382 ,ι
985 4297 1122 4374 legitime
1157 4297 1234 4372 quod
1254 4317 1316 4359 non
1337 4296 1494 4361 caditnifi
1522 4302 1551 4363 in
1570 4320 1622 4363 eos
1636 4301 1688 4374 qui
1707 4296 1772 4362 aliu
1785 4299 1916 4374 proelen·

365 4385 452 4447 citari
473 4380 570 4457 potest
594 4380 630 4445 ab
647 4378 795 4455 Episcopo
822 4378 878 4441 loci
898 4377 1029 4440 eiusdem
1088 4372 1121 4439 &
1159 4396 1204 4441 tes
1225 4373 1310 4440 sunt.
1331 4378 1436 4451 Quare
1452 4379 1565 4442 docent
1584 4377 1777 4456 canonistas,
1795 4382 1917 4441 lenten-

363 4462 525 4538 compelli,
548 4479 582 4525 ut
604 4464 684 4538 parti
708 4459 786 4525 larlae
812 4455 1014 4534 satisfaciat,
1040 4424 1074 4520 it
1100 4454 1119 4516 li
1158 4460 1233 4521 tiam
1250 4458 1336 4521 vires
1344 4453 1460 4535 sumere
1480 4460 1511 4520 t'rr
1539 4458 1716 4536 concinenti,
1746 4457 1804 4521 hoc
1820 4456 1863 4521 est
1880 4457 1916 4519 fi·
1956 4520 1958 4523 g

362 4559 531 4606 contumax
552 4540 606 4616 sit,
626 4543 720 4604 etiam
735 4540 1052 4601 excommunicatione
1071 4558 1121 4610 pu·
1157 4536 1376 4602 mul&semel
1397 4543 1551 4612 imponere
1572 4538 1715 4615 quidquid
1742 4536 1843 4614 potest
1863 4537 1917 4600 οδ·
2001 4604 2003 4607 ,

362 4624 438 4684 niri.
463 4620 510 4684 lta
526 4621 658 4698 Pithing.
678 4615 808 4682 Barbula
826 4639 895 4681 eum
913 4619 979 4681 aliis
998 4663 1006 4679 .
1026 4617 1056 4678 Si
1075 4636 1121 4682 ta·
1159 4619 1333 4696 ligationis.
1352 4617 1462 4692 Quoad
1479 4636 1645 4682 extraneos
1674 4637 1772 4695 vero,
1788 4617 1841 4690 qui
1858 4620 1917 4678 iam

360 4720 431 4763 men
450 4702 500 4763 ille
519 4719 685 4764 extraneus
703 4716 794 4762 exeat
816 4717 832 4758 e
857 4699 1018 4761 territorio
1034 4715 1121 4761 ante·
1157 4698 1308 4763 extabant
1329 4700 1360 4760 in
1377 4700 1538 4762 territorio
1557 4698 1678 4774 quando
1694 4697 1758 4761 lata
1781 4695 1825 4758 eli
1841 4697 1916 4759 talis

360 4798 450 4855 quarn
466 4784 619 4845 citatione
646 4779 879 4857 praeveniatur,
907 4776 1031 4842 censent
1052 4800 1121 4841 cum
1158 4782 1328 4856 sententia,
1346 4777 1366 4839 st
1390 4777 1429 4840 ibi
1449 4795 1519 4844 erat
1541 4799 1603 4841 non
1626 4777 1841 4851 transeuntes,
1867 4773 1916 4838 sed

360 4860 455 4926 Avila
478 4857 747 4937 salmanticenses,
777 4878 848 4922 eom
866 4858 998 4923 censuris
1018 4857 1119 4924 subiici
1159 4864 1262 4922 animo
1282 4858 1488 4923 commorandi
1513 4879 1563 4933 per
1583 4855 1705 4934 aliquod
1724 4872 1840 4930 tempus
1858 4902 1867 4931 ,
1885 4856 1914 4919 ei

364 4959 429 5003 non
448 4940 549 5020 polle.
580 4940 665 5007 Nam
683 4942 748 5007 haec
765 4939 777 5016 (
794 4938 901 5004 dicunt
920 4940 933 5018 )
954 4940 1120 5005 intercedit
1160 4937 1332 5002 subiacent.
1353 4938 1401 5002 lta
1421 4938 1459 4999 D.
1476 4938 1634 5002 Grandin.

364 5017 543 5087 differentia
563 5025 644 5086 inter
662 5019 813 5086 subditum
829 5019 973 5083 domicilii
990 5018 1023 5083 &
1047 5019 1120 5083 deli·
1198 5018 1282 5084 Num
1303 5038 1382 5081 vero
1403 5014 1590 5094 Episcopus,
1618 5017 1687 5079 dom
1714 5028 1805 5076 extat
1825 5030 1914 5079 extra

360 5098 421 5182 sii,
442 5103 525 5184 quod
541 5099 674 5170 subditus
692 5100 838 5169 domicilii
858 5115 968 5180 utpote
986 5097 1122 5169 absolute
1160 5097 1244 5169 suam
1261 5094 1443 5180 Ditecesrm‚
1463 5095 1551 5176 poffit
1570 5097 1662 5175 ligare
1678 5090 1837 5235 subditurus
1846 5115 1915 5158 cen-

1835 5194 1868 5237 u·
