4584 5992
675 551 745 604 pa
781 529 965 599 Sriiru
998 521 1322 593 Rarroioso
1354 511 1477 585 Cris.
1504 511 1577 585 iis.

367 657 405 704 te
422 628 622 707 iudicaverit,
646 629 682 691 ad
699 628 889 703 Superiorem
908 623 1065 700 negotium
1077 638 1127 681 re·
1161 631 1235 677 tom·
1258 631 1284 687 4·
1313 606 1352 671 de
1376 609 1470 706 Relig,
1499 608 1588 703 μεθ.
1617 609 1645 701 8.Ι
1673 607 1722 674 lib.
1740 630 1775 706 ²⁸,
1794 633 1822 673 c.
1839 627 1870 703 3.
1889 629 1917 702 ti.

365 720 480 780 mittat
531 708 602 773 idell
635 708 670 772 ad
691 706 892 780 Generalem,
921 720 956 778 ut
988 700 1125 763 advertit
1160 685 1334 771 aq.&seq.
1353 689 1454 753 Debet
1471 708 1568 753 etiam
1598 693 1658 754 esle
1682 690 1860 784 sufficientis
1886 689 1921 749 li·
2010 733 2012 737 .

357 763 537 860 ³Donatds.
623 790 632 798 “
1162 785 1310 835 teraturae
1343 789 1398 854 pro
1423 772 1575 843 qualitate
1602 772 1644 832 lui
1670 770 1763 835 oflrcii
1788 821 1795 846 ,
1825 788 1859 830 ut
1880 786 1920 829 eir

371 885 377 898 ¹
415 866 613 938 Provincialis
645 866 805 931 advertere
834 861 922 926 debet
956 860 1124 935 praecipue,
1161 872 1226 939 9⁸9·
1244 852 1318 911 Cum
1336 865 1368 907 ’ἢ
1387 850 1497 913 fundis
1516 850 1553 912 de
1572 851 1648 913 elesi·
1668 850 1700 914 dc
1718 870 1756 912 ex
1774 850 1918 939 Trident3

365 959 412 1018 'rie
431 970 556 1015 munera
581 948 707 1023 recipiat
732 945 864 1006 maxime
882 944 911 1001 in
938 937 1125 1003 visitationi·
1163 930 1226 993 leli.
1248 945 1296 986 η.
1318 945 1382 1003 cap.
1406 946 1436 988 a.
1467 928 1566 991 immo
1596 932 1653 993 boc
1684 948 1853 1006 exnatura
1877 945 1919 988 rei

372 1034 446 1105 bus,
465 1031 538 1094 alias
559 1028 722 1090 incurritur
743 1042 833 1099 prena
855 1021 1039 1096 privationis
1059 1011 1127 1079 offi·
1164 1010 1341 1084 requiritur,
1363 1027 1433 1068 cum
1454 1009 1594 1072 illiterati
1618 1010 1674 1073 lint
1702 1013 1858 1082 incapaces
1879 1002 1922 1068 ad
2044 1079 2052 1092 t

372 1114 413 1178 cii
430 1110 465 1175 dr
480 1106 648 1183 Beneficii,
668 1103 721 1166 nisi
740 1107 821 1166 intra
839 1095 970 1163 mensem
986 1094 1127 1159 resiituat
1165 1088 1365 1177 exercendam
1381 1106 1487 1149 curam
1508 1109 1677 1152 animarum
1694 1133 1703 1151 .
1722 1088 1849 1163 lnluper
1869 1084 1924 1146 de·

376 1190 500 1268 duplum
519 1208 611 1263 quam
627 1185 762 1259 recepit,
782 1199 818 1245 ut
834 1200 872 1251 ex
894 1198 958 1253 cap.
980 1175 1073 1254 exigit
1093 1174 1129 1236 de
1164 1169 1214 1255 bet
1239 1169 1373 1255 ellevir
1392 1163 1480 1259 bonae
1502 1165 1592 1260 saniae
1616 1191 1626 1243 ,·
1658 1172 1738 1232 unde
1761 1172 1921 1262 incapaces

374 1261 506 1349 aenfibus
521 1270 552 1328 in
575 1268 603 1326 6.
627 1264 707 1327 Haec
727 1280 817 1337 prena
833 1258 1060 1334 comprehendit
1077 1252 1129 1314 Vi·
1166 1249 1234 1310 lunt
1266 1246 1354 1337 liuius
1373 1245 1543 1336 'dignitatis
1575 1263 1831 1335 excommunicati
1872 1264 1924 1336 ιτς·

374 1347 514 1413 stratores
528 1345 721 1417 ordinarios,
742 1339 814 1402 idell
830 1358 903 1415 eos,
923 1340 973 1413 qui
996 1338 1061 1400 iure
1077 1352 1128 1395 or·
1165 1339 1440 1420 communicatllint
1456 1330 1581 1418 [nidoris
1609 1333 1762 1403 insanies,
1797 1327 1925 1400 isslssffl·

376 1429 493 1492 dina'rin
515 1422 663 1498 visitant,
680 1440 740 1483 non
756 1418 936 1494 delegatos,
958 1434 992 1479 ut
1010 1435 1049 1478 ex
1066 1410 1131 1475 Pel·
1168 1426 1209 1468 mi
1232 1449 1241 1480 ,
1270 1399 1395 1474 suspensi
1408 1423 1424 1480 ·,
1454 1404 1602 1468 interdidii
1625 1457 1634 1484 ,
1653 1426 1708 1470 aut
1727 1407 1925 1485 irregulares,

379 1508 447 1571 liza
467 1505 534 1569 Nec
551 1504 629 1568 lianc
656 1519 778 1577 poenam
797 1501 957 1561 incurrunt
979 1492 1030 1571 ipsi
1047 1492 1129 1555 ordi·
1169 1501 1260 1549 notat
1278 1484 1410 1547 Ixzztm
1427 1506 1496 1547 cuni
1517 1488 1603 1569 Peyr.
1628 1487 1659 1552 dt
1683 1486 1834 1566 seim&
1852 1502 1928 1559 lfae·

377 1589 457 1651 narii
482 1581 683 1657 visitatores,
702 1578 881 1654 recipiendo
902 1579 933 1638 in
956 1571 1132 1637 visitatione
1168 1564 1302 1627 ditiesl'e
1323 1562 1432 1626 debent
1457 1567 1610 1640 qualitate
1633 1571 1766 1644 corporis
1796 1564 1943 1627 necessa·
2001 1590 2004 1596 ·
2079 1553 2082 1558 ’

376 1687 444 1743 quae
465 1685 504 1727 eir
526 1659 668 1727 laudabili
690 1656 909 1722 consuetudine
929 1655 994 1717 dari
1014 1650 1131 1716 solent.
1170 1647 1215 1709 ria
1232 1643 1268 1706 ad
1286 1639 1372 1735 suum
1389 1663 1498 1706 munus
1512 1644 1590 1709 bene
1605 1649 1807 1711 exercendum
1824 1641 1926 1734 gUn·

380 1745 466 1811 Nam
486 1743 554 1805 liaec
575 1739 643 1805 sunt
661 1756 777 1803 ‘tairata
801 1756 855 1811 pro
883 1730 1020 1811 expensis
1041 1734 1135 1795 itine·
1171 1726 1207 1787 de
1221 1741 1349 1786 omnino
1364 1742 1521 1798 incapaces
1543 1721 1612 1789 sunt
1628 1725 1705 1792 surdi
1726 1778 1735 1805 ,
1759 1725 1859 1807 ptbyli
1882 1726 1928 1785 la·

379 1846 448 1890 rum
463 1820 542 1897 dte,
562 1818 597 1885 ἀ
616 1840 687 1884 etim
706 1815 767 1880 sirit
787 1814 916 1887 debita,
939 1833 1002 1876 uon
1021 1810 1134 1875 habent
1171 1805 1331 1878 borantes,
1346 1819 1403 1865 aot
1423 1807 1572 1870 continua
1590 1806 1721 1897 podagra
1745 1824 1830 1895 ,aut
1846 1823 1930 1865 mor·

379 1906 534 1969 rationem
551 1903 703 1975 muneris,
721 1914 757 1959 ut
775 1898 806 1957 in
822 1915 886 1971 cap.
903 1897 1056 1966 Romana,
1079 1908 1135 1953 nec
1171 1882 1210 1947 bo
1225 1883 1364 1975 gallico,¹
1377 1884 1554 2025 paralJtici,
1578 1886 1706 1972 leprosi,
1728 1884 1832 1950 surioli
1856 1931 1864 1958 ,
1883 1883 1929 1945 lu·

378 1980 423 2048 est
450 1981 616 2058 periculum
642 1973 769 2051 abusus,
792 1991 847 2039 aut
868 1972 1003 2037 timenda
1029 1968 1136 2033 subor·
1172 1966 1267 2027 natici
1289 1961 1322 2025 dc
1343 1961 1448 2025 valetu
1471 1967 1589 2041 inarii,
1616 1970 1666 2058 qui
1688 1973 1802 2044 lemper
1827 1964 1930 2057 aliquo

379 2063 496 2135 natio,
523 2057 570 2121 ubi
596 2056 672 2119 nihil
703 2057 784 2119 ultra
814 2052 996 2117 consuetum
1023 2050 1137 2124 recipi·
1172 2040 1465 2135 morbolaborant,
1497 2062 1552 2106 nec
1567 2062 1664 2108 tantis
1681 2048 1796 2123 pollent
1815 2045 1931 2108 viribus

381 2157 450 2206 tur.
466 2139 590 2201 Caetera
607 2158 677 2213 qiiae
700 2135 735 2198 ad
754 2135 831 2198 lianc
851 2131 1050 2196 Praelaturam
1072 2149 1137 2205 per·
1174 2139 1209 2187 ut
1224 2120 1433 2185 communibus
1452 2122 1656 2188 observantiis
1673 2123 1834 2202 presentes
1856 2171 1865 2201 ,
1895 2119 1931 2186 dt

382 2222 501 2288 tinent,
521 2217 681 2290 respiciunt
703 2212 923 2289 visitationem,
953 2228 1007 2275 aut
1027 2210 1137 2272 iudicia
1173 2201 1253 2265 bono
1277 2202 1417 2276 exemplo
1440 2201 1623 2292 Regularem
1650 2204 1836 2282 disciplinam
1864 2219 1933 2294 pro·
1963 2279 1965 2286 y

381 2299 472 2361 liuius
502 2297 649 2372 Praelati;
670 2290 704 2359 dc
730 2292 766 2357 de
788 2291 851 2355 illis
880 2288 938 2355 suis
962 2285 1138 2371 resptdiivis
1174 2298 1345 2372 novcant.
1376 2280 1471 2373 Qud
1497 2287 1517 2344 li
1548 2286 1666 2359 aliquod
1693 2306 1732 2349 ex
1763 2275 1933 2360 supradidis
2009 2307 2016 2332 i

383 2377 456 2442 locis
473 2380 609 2441 dicetur.
1176 2360 1397 2434 impedimentis
1414 2359 1504 2423 alicui
1526 2362 1722 2437 superveniat
1739 2367 1770 2425 in
1792 2360 1933 2438 sunnffi·

1136 2433 1142 2445 ’
1175 2444 1225 2503 cio
1244 2435 1407 2515 existenti,
1429 2458 1488 2501 non
1508 2438 1552 2502 esi
1574 2442 1625 2505 sua
1640 2445 1791 2520 dignitate
1808 2446 1932 2520 privan-

667 2540 695 2600 5.
739 2530 851 2597 xlii.
1165 2518 1260 2591 dus,
1286 2515 1332 2577 sed
1360 2521 1388 2580 ei
1405 2518 1520 2582 dandus
1535 2521 1725 2611 coadjutor,
1752 2541 1785 2584 ur
1807 2541 1846 2586 cit
1864 2542 1959 2597 cap„

489 2646 741 2727 piniarium
759 2605 1033 2726 stremonius.
1178 2594 1293 2739 siffis·
1320 2593 1354 2659 ἃ
1389 2596 1447 2660 “’“·
1473 2598 1512 2662 ‘¹‘
1536 2600 1645 2666 sim
1677 2612 1861 2681 ‘gemb
1902 2600 1933 2663 ἃ
1985 2677 1988 2682 .

420 2764 629 2839 Superioritas
650 2764 754 2825 localis
773 2761 817 2826 est
849 2779 926 2824 vera
954 2758 1088 2835 dignitas
1108 2754 1142 2820 dc
1218 2754 1323 2817 Habet
1342 2754 1483 2834 Superior
1500 2759 1608 2823 localis
1629 2757 1863 2824 iurisdidiiotiem
1884 2781 1933 2824 or·
1977 2785 1987 2808 e

386 2845 554 2905 Praelatura
574 2837 713 2912 requisita
735 2844 832 2917 ,eui,
851 2855 888 2901 ut
908 2841 968 2901 iam
987 2854 1079 2900 antea
1099 2837 1128 2897 di
1179 2834 1330 2917 dinariam
1350 2839 1381 2897 in
1402 2830 1468 2900 suos
1489 2837 1644 2918 subditos,
1667 2844 1760 2904 immo
1780 2837 1814 2906 dt
1831 2845 1862 2902 iri
1883 2841 1935 2905 ad·

386 2922 486 2982 ximus
510 2963 520 2993 ,
542 2921 692 2993 competit
720 2923 800 2982 ratio
828 2914 982 2992 utriusque
1014 2910 1144 2991 potesta·
1180 2931 1274 2976 venas
1298 2914 1350 2977 seu
1377 2914 1507 2992 hospites
1523 2919 1688 2998 Religiosos
1715 2940 1768 2997 pro
1798 2937 1933 2997 ternpore

388 3000 430 3061 tis
445 3044 454 3072 ,
469 2996 688 3073 dominativae,
704 2997 737 3062 dc
753 2996 961 3061 iurisdislionis
979 2992 1144 3070 spiritualis
1179 3012 1239 3069 quo
1257 3012 1389 3058 manent
1417 3000 1448 3058 in
1466 2995 1518 3063 suo
1541 2998 1733 3063 Monaslerio
1755 3050 1764 3079 ,
1794 3021 1865 3064 cum
1890 3000 1935 3063 illi

384 3097 455 3139 cuin
474 3075 610 3137 dominio
636 3074 670 3139 dc
696 3077 956 3153 praeminentis,
984 3071 1144 3150 quaesunt
1181 3071 1339 3149 praesideat
1363 3081 1485 3137 nomine
1501 3079 1669 3155 Religionis
1695 3097 1800 3143 coram
1823 3078 1935 3143 habena

386 3152 578 3219 conditiones
594 3152 745 3227 requisita
763 3157 801 3218 ad
815 3153 1057 3219 constituendam
1066 3155 1145 3218 Prae·
1179 3156 1315 3216 omnium
1330 3174 1397 3228 quae
1415 3158 1452 3222 ad
1466 3157 1537 3222 ¹Reli
1559 3162 1659 3222 ionem
1675 3158 1827 3235 foedant.-
1850 3161 1934 3234 Qua.

388 3233 522 3296 laturam
541 3281 550 3311 ,
573 3250 608 3296 ut
626 3238 752 3299 notavit
769 3235 1009 3298 Arebidiaconus
1029 3254 1094 3311 cap.
1114 3252 1143 3295 r.
1181 3251 1215 3296 re
1230 3250 1334 3324 omnes
1350 3233 1491 3313 Religiosi
1506 3179 1618 3303 iustiti
1643 3236 1682 3299 ibi
1702 3240 1834 3324 reperti,
1850 3255 1936 3310 aam-

386 3312 422 3376 ise
440 3308 610 3390 consuetud.
632 3314 662 3375 in
682 3316 713 3375 6.
735 3312 824 3377 Unde
840 3310 977 3377 inserunt
993 3312 1061 3375 Do.
1083 3332 1145 3375 non
1185 3331 1276 3385 quam
1300 3310 1391 3376 iudici
1410 3315 1564 3379 ordinario
1593 3315 1723 3391 respediu
1745 3316 1827 3380 iliius
1846 3320 1952 3380 terri·.

388 3391 470 3464 posse
498 3391 657 3467 nequidem
685 3392 869 3456 Generaleni
895 3391 1078 3468 disponere,
1106 3406 1143 3455 ut
1182 3393 1253 3454 toiii
1271 3388 1495 3455 subiiciuntur.
1525 3393 1662 3457 Potestas
1686 3395 1772 3459 huius
1796 3396 1954 3472 sturio,
2042 3426 2045 3432 ·

387 3470 531 3547 Superior
547 3470 655 3534 localis
672 3472 805 3546 pluribus
822 3468 921 3545 praesit
933 3469 1144 3543 Monasleriis,
1182 3472 1223 3531 ris
1241 3469 1351 3541 incipit
1377 3490 1394 3532 a
1413 3472 1489 3548 die,
1520 3494 1582 3549 qno
1602 3470 1809 3547 possessionem
1833 3477 1952 3553 capit,·

391 3568 459 3615 tum
475 3552 545 3626 quia
563 3550 620 3615 hoe
637 3550 876 3614 vetitumesiin
894 3555 978 3627 iure,
998 3568 1064 3613 tum
1079 3550 1147 3625 quia
1182 3542 1216 3611 dt
1243 3551 1363 3620 expirat
1391 3548 1429 3610 ad
1449 3549 1874 3628 possesionemspccelseiis.
1906 3555 1977 3618 Si

393 3628 469 3695 alias
504 3626 744 3694 confunderetur
771 3629 901 3709 dignitas
940 3626 1046 3693 infima
1078 3646 1147 3690 cuin
1182 3626 1473 3708 contingttcasur,
1499 3650 1561 3707 quo
1579 3630 1722 3709 Superior
1746 3633 1854 3697 localis
1881 3631 1953 3700 siat'

391 3707 655 3785 media,quaeesl
673 3709 1149 3785 Provinciasatus‚&quiacaim
1183 3706 1490 3785 excommunicatus,
1520 3709 1616 3775 cessat
1651 3714 1714 3776 eius
1751 3710 1956 3792 iurisdiddio,'

390 3788 531 3863 Superior
543 3789 654 3853 localis
675 3805 819 3854 teneatur
835 3785 962 3853 residere
978 3790 1008 3850 iri
1030 3788 1151 3863 proprio
1184 3804 1245 3848 non
1263 3781 1420 3864 officium,
1439 3789 1822 3856 nisreacommunicationi
1848 3813 1940 3856 anne·
2062 3807 2064 3811 ·

392 3866 582 3933 Monasserio
603 3914 613 3946 ,
640 3870 673 3930 ita
690 3868 802 3946 duplici
818 3867 1009 3934 Monanerio
1025 3862 1151 3931 residere
1184 3886 1224 3927 xa
1244 3862 1281 3927 fit
1304 3884 1394 3937 poena
1411 3871 1592 3944 privationis
1616 3871 1645 3934 di
1668 3873 1775 3935 nitatis
1797 3870 1832 3936 dc
1847 3864 1952 3936 officii·

476 3949 481 3961 ·
1185 3938 1355 4022 ipsolaeio.
1377 3944 1470 4012 ltal’
1508 3892 1712 4014 eludendii:
1744 3950 1954 4015 Nontameri'

335 4037 344 4050 ‘
433 3963 529 4090 AEmtas
549 4027 719 4105 Superioris
734 4027 838 4093 localis
858 4026 916 4093 esse
936 4025 1026 4091 debet
1046 4074 1054 4102 ,
1076 4024 1151 4090 sicut
1185 4027 1325 4101 privatur
1340 4041 1414 4088 ante
1431 4028 1537 4092 iudicis
1557 4029 1811 4094 declarationem.

393 4102 431 4169 de
453 4107 522 4170 aliis
542 4109 718 4172 Praelaturis
744 4107 879 4173 diximus
906 4156 914 4183 ,
942 4126 980 4171 eit
1007 4104 1151 4169 Trident.
1225 4104 1368 4177 Superior
1388 4104 1494 4170 localis
1518 4129 1558 4173 ex
1583 4110 1648 4172 iure
1663 4113 1819 4173 communi
1836 4105 1877 4171 sic
1896 4109 1943 4173 ie·

394 4187 638 4263 vigintiquinque
659 4206 810 4251 annorum
835 4190 959 4252 ratione
980 4205 1063 4248 curae
1089 4186 1152 4247 ani·
1187 4183 1347 4247 slaeausla
1368 4189 1514 4324 exigente
1531 4190 1695 4269 praecipere
1711 4186 1807 4266 potest
1829 4185 1957 4265 aliouid'
2047 4213 2050 4220 ·

395 4283 513 4328 marum
534 4315 543 4342 ,
571 4288 638 4342 qua:
657 4267 727 4330 liuic
747 4267 926 4332 Praelaturae
956 4284 1075 4329 annexa
1091 4262 1152 4327 esl.
1188 4260 1240 4325 sub
1255 4262 1397 4340 mortali,
1429 4285 1504 4329 ires
1519 4269 1622 4346 gravis
1642 4264 1678 4330 sit
1698 4289 1708 4342 ;
1737 4272 1831 4335 immo
1845 4272 1957 4334 etiam·

395 4343 549 4411 sroetsrea
577 4350 609 4410 in
636 4346 692 4409 lioc
717 4367 837 4424 quoque
864 4343 1053 4411 observanda
1082 4343 1153 4405 sunt
1189 4344 1372 4416 imponendo
1393 4340 1534 4409 censuras
1560 4364 1669 4410 contra
1691 4345 1943 4429 transgressores.

395 4420 512 4489 statura
528 4432 659 4504 propriae
676 4425 862 4506 Religionis,
881 4422 903 4488 si
918 4428 1063 4488 maiorem
1077 4439 1153 4486 aeta·
1185 4422 1365 4500 Advettuqt
1390 4440 1492 4489 tamesi
1517 4425 1585 4488 DD.
1608 4425 1687 4501 quod
1708 4430 1739 4489 in
1764 4428 1821 4493 lioc
1837 4445 1944 4501 proce·

396 4518 461 4567 tem
478 4508 634 4581 requirant
657 4551 664 4568 .
688 4505 761 4567 Non
782 4503 986 4581 eslnecesle,
1015 4522 1157 4566 commu·
1190 4503 1260 4565 dere
1275 4499 1364 4569 debet
1384 4524 1454 4568 curn
1473 4508 1556 4568 omni
1583 4506 1740 4582 cautela;
1777 4510 1828 4583 qui
1849 4510 1963 4569 etiam*

398 4587 482 4647 niter
500 4585 683 4663 loquendo,
710 4601 746 4650 ut
774 4586 916 4660 Superior
941 4581 1045 4649 localis
1066 4585 1154 4646 iuxta
1192 4582 1329 4658 volunt,
1357 4585 1452 4659 ipsum
1471 4603 1597 4660 peccare
1615 4585 1815 4661 mortaliter,
1842 4584 1865 4647 si
1886 4586 1959 4648 boc·

395 4662 565 4729 slortellum
581 4665 670 4730 bodie
685 4684 725 4728 eir
740 4664 958 4729 consuetudine
973 4681 1157 4743 ,antequam
1191 4658 1285 4726 saciat
1304 4660 1367 4725 sine
1393 4662 1469 4727 iulia
1496 4663 1599 4730 caussa
1619 4713 1628 4743 ,
1658 4669 1730 4741 quia
1753 4664 1948 4729 abuteretur·

395 4760 499 4818 eapitis
541 4742 786 4823 possessionem,
822 4740 1038 4821 professionem
1070 4740 1156 4806 Fidei
1193 4744 1314 4819 propria
1331 4738 1534 4808 audoritate.
1947 4755 1962 4819 ἢ

370 4825 526 4886 ¹emittat
547 4826 640 4889 iuxta
656 4824 797 4888 Trident.
829 4822 909 4899 quod
930 4821 987 4886 boc
1016 4825 1157 4898 precipit
1230 4820 1334 4883 Potest
1349 4821 1493 4898 Superior
1513 4823 1670 4888 localiseit
1688 4819 1837 4898 potestate
1852 4839 1962 4897 qum·

400 4903 616 4980 omnibusqui
644 4924 748 4968 curam
776 4905 946 4970 animat-um
974 4899 1155 4979 suscipiunt.
1194 4900 1948 4974 habetadniiniliiativiexiussacauliareiiiitiere
1994 4905 2000 4910 ’

398 4978 567 5059 Eligendus
587 4987 618 5046 in
633 4983 826 5059 Superiorem
840 4980 970 5046 localem
989 4979 1078 5046 debet
1100 4981 1160 5046 elie
1195 4982 1338 5044 luminam
1355 4980 1489 5045 debitam
1504 4982 1716 5059 Monallerio,
1744 4984 1814 5055 qnia
1832 4981 1870 5045 ad
1891 4998 1957 5048 noe.

396 5059 555 5151 moselsus
566 5059 745 5139 prosesfione
760 5064 924 5139 explicita,
944 5077 980 5128 ut
997 5060 1161 5129 Suaieaiua
1196 5080 1259 5128 non
1275 5059 1426 5130 limitatur
1441 5081 1495 5141 per
1509 5060 1629 5126 Biillam
1643 5061 1729 5127 Pauli
1744 5058 1783 5125 is
1796 5058 1830 5128 dc
1844 5059 1951 5127 decre·

453 5141 697 5227 „higinius
718 5143 832 5233 miii.
853 5131 1023 5211 Toinlli
1351 5205 1353 5212 .
1526 5229 1528 5234 Ι
1561 5138 1618 5211 Aa
1659 5154 1677 5219 3
1736 5180 1739 5186 ·
1880 5154 1916 5208 rs
