4584 5992
507 534 579 616 spa
880 512 1560 592 ‘reseratas

455 618 561 685 tritius
581 607 716 675 Senensis
733 628 824 687 prope
844 610 938 674 Senis
956 614 986 674 in
1008 613 1117 675 Monte
1141 610 1207 674 Oli·
1243 610 1443 688 firmavit,ut
1452 614 1495 676 ait
1508 611 1554 677 hic
1573 616 1601 676 Ρ.
1611 610 1729 679 ferrari
1739 618 1771 679 in
1786 615 1834 684 sua
1845 616 2001 686 Bibliothe-

458 718 560 771 veto,
594 714 609 754 a
635 713 694 766 quo
723 711 833 752 nomen
863 696 998 766 accepit,
1020 697 1209 754 Olivetarram
1247 714 1280 756 ca
1301 713 1381 755 anno
1405 709 1490 753 rato.
1509 694 1701 769 Verumqura
1719 700 1755 759 ab
1776 703 1836 771 ipio
1856 702 2001 764 innocen·

457 779 650 851 &ingressus
666 791 731 832 nem
748 772 901 833 inlirturt.
923 771 1038 832 Extant
1055 771 1088 833 dt
1112 788 1209 845 piures
1247 792 1290 834 tto
1308 771 1359 832 lll.
1377 769 1494 849 [criptis
1514 778 1628 835 tradita
1646 797 1704 835 non
1726 774 1822 841 stterat
1845 780 2001 843 deistun-

459 858 528 922 aliae
550 854 821 936 Congregationes,
839 873 905 924 quae
925 857 1021 925 pritius
1041 851 1198 928 Congrega
1245 852 1396 922 firmatio,
1415 853 1553 933 eamdem
1572 852 1691 929 scriptas
1719 859 1915 919 consumavit
1948 882 2001 921 an·

457 942 576 1001 tionum
594 941 842 1005 resufflatores,
863 954 953 1003 qttaru
973 931 1212 998 Ordinesdrslin·
1247 954 1286 992 no
1318 945 1403 1005 1223.
1430 934 1561 991 eiusdem
1590 934 1735 995 literatior
1761 937 1916 1000 Honorius
1946 936 2000 999 lll.

457 1018 517 1080 llos
548 1012 699 1087 appellant
720 1026 786 1074 tam
806 1013 940 1087 Soarea,
966 1032 1057 1084 qtram
1077 1010 1210 1071 Taulan-
1246 1011 1349 1071 Contt.
1374 1029 1398 1083 5.
1416 1030 1483 1083 quae
1506 1014 1614 1086 incipit
1636 1015 1713 1075 Solet
1732 1036 1878 1079 corruere.

458 1100 559 1161 rinus.
1260 1157 1262 1160 ¹
1285 1090 1346 1152 Sub
1367 1089 1524 1149 Relitmne
1543 1088 1694 1164 Seraphicr
1713 1095 1741 1153 8.
1759 1093 1908 1159 Frarrcrsri
1924 1093 2003 1157 eius·

496 1174 591 1237 Anno
611 1172 733 1234 Domini
764 1168 846 1231 1080.
866 1169 987 1244 quidam
1011 1168 1069 1229 Vir
1094 1169 1212 1244 religio
1247 1188 1306 1243 que
1324 1164 1501 1231 lansttlsrma
1523 1168 1800 1245 Reguiadrvrnitus
1811 1196 1933 1248 accepta
1945 1178 2000 1235 mi·

457 1250 582 1315 stflimus
601 1257 725 1314 nomine
742 1248 912 1322 Stephanus
935 1248 1111 1315 Albanenlis
1129 1249 1212 1308 iniii·
1248 1249 1339 1311 litant
1363 1249 1407 1307 illi
1429 1268 1535 1308 omnes
1561 1246 1684 1312 Fratres
1715 1251 1850 1317 Minores
1879 1254 2004 1317 Franci·

461 1336 524 1395 tuit
545 1332 689 1394 Ordinem
705 1328 1023 1412 Grandiaroritenjium.
1044 1331 1144 1401 Aliqui
1157 1329 1215 1409 Qr·
1247 1325 1413 1400 scani,qui
1440 1325 1548 1389 duliam
1573 1329 1746 1407 Regulam,
1774 1330 1835 1396 stne
1864 1334 1923 1396 ulla
1945 1332 2003 1395 dis·

455 1414 556 1475 dinem
584 1416 664 1474 hunc
693 1407 743 1469 sub
770 1409 884 1485 Regula
915 1410 943 1467 S.
963 1405 1139 1486 Augustini,
1163 1406 1215 1469 sub
1249 1409 1447 1483 pensatione,
1468 1408 1505 1467 ad
1526 1406 1659 1468 litteram
1675 1408 1837 1474 observant
1855 1458 1864 1488 ‚
1888 1413 2003 1475 scilicet

457 1492 512 1555 illa
534 1489 561 1549 S.
583 1486 738 1554 Benedisli
761 1488 810 1548 alu
831 1486 1013 1561 postrerunt.
1249 1488 1418 1563 Regulam,
1436 1484 1592 1562 desumpto
1613 1492 1736 1549 uomina
1765 1491 1802 1552 ab
1829 1489 2004 1552 Observan-

398 1622 404 1634 .
497 1570 753 1649 Congregationes
793 1565 1061 1630 Benedrdiinorum
1103 1568 1213 1640 aliquae
1251 1566 1508 1641 tranegtuaean
1531 1571 1647 1629 tuamet
1675 1572 1835 1644 puritate,
1862 1570 2003 1642 Aiu,ut

459 1648 573 1716 liabent
590 1655 686 1719 etiam
708 1644 1054 1721 Sansiimoniales,quae
1075 1648 1214 1707 militant
1251 1650 1282 1706 in
1301 1644 1404 1706 Galia
1432 1646 1465 1707 ἃ
1490 1644 1622 1722 Belgio,
1653 1667 1804 1713 vocantur
1823 1646 2003 1717 Rerolletii.

455 1729 510 1799 sub
530 1727 880 1814 Regutassneneutn,
899 1726 932 1790 ὅ(
950 1725 1119 1802 retpcdir'va
1131 1724 1213 1787 Con·
1249 1724 1383 1799 Alii,ut
1406 1728 1436 1784 in
1457 1724 1602 1811 Hjlpania
1618 1773 1625 1800 ‚
1641 1724 1675 1790 ἀ
1693 1734 1803 1800 partim
1834 1727 2004 1802 initalia,

458 1821 642 1896 gregationis
663 1808 959 1871 Conllitutionibus.
1251 1803 1442 1879 appellantur
1458 1801 1641 1880 Distalteati.
1664 1806 1722 1868 Ain
1737 1854 1745 1879 ,
1762 1825 1797 1869 ut
1820 1810 1851 1866 in
1870 1805 2005 1871 ltalia&

498 1896 613 1959 Adsunt
625 1890 742 1963 insuper
758 1887 1013 1964 congregationes
1035 1886 1124 1961 aliae,
1147 1905 1215 1960 quar
1249 1884 1438 1957 Germania,
1457 1903 1672 1958 nuncupantur
1690 1883 1873 1963 Reformati.

459 1976 606 2053 Regrrlam
628 1972 793 2046 sequuntur
809 1968 835 2028 S.
860 1964 1030 2040 Benedilli,
1057 1963 1213 2027 Conllrtu·
1289 1961 1457 2035 sunradrtti
1482 1984 1588 2025 omnes
1611 1963 1804 2027 Francrtcant
1828 2013 1836 2039 ,
1860 1963 1909 2027 seu
1928 1962 2007 2029 Fra·

458 2056 615 2128 tionesque
633 2054 761 2112 alicuius
783 2044 911 2110 eiusdem
933 2045 1056 2106 Ordinis
1082 2045 1215 2118 Currere·
1251 2060 1311 2106 tres
1334 2041 1470 2103 Minores
1496 2041 1653 2118 Regnum
1677 2092 1686 2120 ,
1708 2040 1742 2107 dt
1771 2043 1875 2109 sltidlae
1894 2046 2006 2107 obter-

459 2138 609 2213 gationis,
626 2152 658 2193 ur
677 2131 703 2191 S.
724 2126 880 2191 Michaelis
897 2124 932 2187 de
952 2125 1091 2185 &suriano
1102 2172 1111 2202 ,
1127 2127 1214 2187 Mon·
1253 2126 1369 2185 vantiz
1377 2131 1399 2197 ²,
1410 2124 1524 2199 degunt
1545 2119 1596 2183 lirb
1611 2123 1797 2187 Osedientia
1815 2129 1903 2188 unius
1929 2120 2008 2186 erus·

455 2214 501 2278 tis
526 2216 642 2276 Corona·
664 2257 672 2284 ,
694 2208 928 2283 lallil'oletanae,
960 2206 1045 2266 drdlae
1073 2206 1107 2265 de
1137 2202 1216 2266 Obe-
1253 2205 1376 2275 demque
1391 2199 1551 2264 Generalis
1569 2199 1643 2264 serie
1664 2226 1724 2266 non
1742 2209 1913 2280 interrupta
1941 2205 2004 2265 aS.

459 2294 602 2365 dientia,
634 2291 784 2368 Lafitanae
808 2335 816 2362 ,
841 2283 1029 2362 Melialertsrs,
1048 2282 1189 2362 Fulitnſss
1210 2329 1217 2355 ,
1251 2278 1411 2344 Francisco
1429 2286 1459 2342 in
1480 2280 1669 2345 Generalttu
1690 2282 1873 2349 succedentis
1889 2331 1897 2358 ,
1912 2284 2008 2346 uide·

457 2370 644 2452 cirterciensis
664 2373 694 2428 iu
712 2368 887 2443 diagonia,
908 2367 975 2426 aliae
998 2368 1109 2440 pariter
1127 2410 1134 2436 ,
1149 2382 1218 2437 qua
1251 2362 1383 2448 claravit
1401 2359 1478 2447 ¹Leo
1510 2359 1547 2420 X.
1576 2362 1707 2426 Constit.
1732 2369 1783 2425 26.
1808 2385 1875 2439 quae
1900 2366 2007 2439 incipit

459 2470 530 2516 tum
550 2470 611 2512 non
630 2447 685 2510 sint
706 2449 806 2525 magni
828 2445 994 2520 momenti,
1015 2444 1063 2506 hic
1095 2458 1217 2518 praeter·
1252 2444 1335 2504 Lttct
1363 2440 1464 2502 altas.
1492 2438 1580 2503 Unde
1609 2441 1686 2505 solus
1715 2445 1775 2516 ipse
1804 2447 1903 2508 utitur
1931 2444 2008 2521 ligii·

459 2536 649 2594 mittuntur.
735 2547 736 2551 ’
1253 2521 1284 2583 lo
1308 2525 1405 2583 totius
1428 2521 1632 2597 Ordinls,&
1659 2520 1738 2585 solus
1768 2521 1827 2599 ipse
1861 2528 1890 2585 le
1911 2526 2011 2587 nomi·

500 2607 724 2672 Permultilunt
742 2604 873 2667 Ordines
889 2597 1044 2666 Militares
1060 2599 1217 2676 sensique·
1253 2620 1326 2662 nare
1355 2603 1481 2675 portu,
1512 2599 1545 2664 ἀ
1578 2605 1712 2665 iromiuat
1748 2601 1932 2666 Geneffilerrr
1962 2622 2011 2665 to-

459 2690 536 2753 slres
557 2685 685 2749 inllituti
706 2680 1217 2761 subRegulaS.Benedrsii,cuius·
1254 2684 1314 2741 tius
1344 2680 1468 2743 Ordinis
1502 2681 1531 2743 S.
1562 2679 1741 2756 Francisci,
1779 2687 1828 2745 teu
1862 2682 2011 2746 fratrum

361 2829 363 2834 .
459 2769 540 2831 modi
567 2767 608 2828 eli
638 2765 721 2827 Ordo
752 2769 780 2829 S.
807 2765 972 2828 Saltiatorir
1000 2763 1158 2826 inllitutus
1187 2765 1217 2823 in
1253 2760 1430 2837 Minorum,
1452 2760 1844 2825 irruatuittaoxssontt.
1865 2784 1933 2838 quae
1959 2765 2012 2823 in·

459 2849 613 2924 Aragonia
646 2846 698 2909 lul)
726 2845 842 2921 Regula
862 2844 889 2904 S.
920 2841 1090 2917 Beretum
1111 2843 1143 2905 dt
1174 2845 1219 2902 in·
1253 2842 1325 2912 cipit
1354 2846 1400 2905 Ite
1427 2839 1468 2906 <a
1487 2841 1731 2906 perinvitum
1758 2865 1852 2906 meam
1871 2889 1880 2913 ,
1902 2844 1936 2906 dt
1954 2862 2012 2903 ex·

459 2926 574 2989 llitutis
612 2945 646 2987 ac
685 2925 795 3001 legibus
826 2922 1070 2997 Tempiariorum
1100 2922 1136 2984 ab
1167 2921 1218 2984 Al·
1254 2920 1347 2994 presse
1385 2919 1527 2984 definivit
1556 2924 1592 2984 de
1626 2944 1731 2987 urente
1760 2926 1807 2985 SS·
1843 2921 1924 2986 sacra
1956 2922 2012 2984 Ri-

458 3006 571 3083 pbordo
593 3004 745 3065 Navarra
766 3003 798 3066 ἀ
819 3003 982 3078 Aragoniae
1008 3002 1089 3076 Rege
1109 3049 1117 3076 ,
1139 3000 1217 3064 avr·-
1255 3018 1342 3062 tuum
1358 3000 1565 3077 congregatio
1583 3006 1611 3062 in
1632 3002 1839 3067 contmversra
1860 3000 2012 3076 superhoc

455 3084 589 3163 fienssum
606 3080 667 3143 live
688 3085 723 3144 de
740 3085 835 3159 Asis,
851 3083 1028 3153 cultram,
1049 3078 1217 3160 Gladifero-
1254 3098 1336 3141 mota
1355 3100 1436 3142 anno
1457 3081 1543 3159 1625.
1556 3129 1565 3157 ,
1580 3102 1647 3155 quae
1667 3087 1846 3158 perdurarit
1863 3086 1955 3157 utque
1974 3079 2012 3143 ad

460 3186 548 3236 rum,
569 3168 597 3227 S.
615 3161 726 3224 Iuliani
747 3162 782 3224 de
800 3164 931 3236 Perairo,
951 3159 1066 3225 Montis
1085 3160 1220 3235 caudit,
1254 3180 1367 3223 annum
1389 3162 1463 3239 1631
1499 3165 1606 3235 inquo
1628 3183 1679 3233 per
1700 3162 1816 3226 sarram
1840 3163 2013 3241 Congrege-

459 3247 490 3309 S·
514 3243 644 3321 Gregorii
672 3243 708 3304 de
732 3240 875 3319 Asclama
894 3287 904 3317 ,
921 3245 950 3305 S.
971 3239 1154 3313 Michaelis,
1166 3240 1218 3319 seu
1256 3243 1372 3300 tionem
1388 3237 1558 3312 predelam
1575 3241 1702 3305 delinita
1720 3242 1778 3305 suit
1808 3241 1860 3306 sub
1889 3245 1937 3302 die
1961 3258 2012 3302 aa.

457 3324 494 3387 de
512 3326 577 3388 Ata
595 3370 603 3399 ,
621 3322 797 3387 Alcantarae
810 3369 818 3397 ,
833 3322 948 3387 Montis
973 3318 1090 3383 francii
1110 3368 1119 3398 ,
1142 3324 1219 3386 Tru·
1254 3319 1381 3395 Martii,
1401 3324 1546 3383 mandans
1563 3321 1703 3396 insuper,
1723 3341 1759 3384 ut
1780 3329 1821 3384 ita
1845 3342 1890 3384 res
1908 3319 2012 3382 serva·

458 3405 613 3482 pilleatum
636 3451 642 3474 ,
665 3403 820 3480 Montessae
839 3451 848 3478 ‚
865 3400 938 3476 ‚lesu
963 3400 1087 3490 (bristi,
1112 3403 1136 3464 S.
1156 3405 1219 3465 Ste-
1254 3418 1360 3461 retur.
1380 3398 1464 3463 Hine
1480 3397 1542 3473 est,
1563 3406 1713 3463 notatcit.
1731 3403 1757 3463 P.
1776 3403 1894 3463 ferrari
1908 3449 1915 3473 ,
1930 3395 2014 3471 ninid

457 3483 567 3563 plani,
582 3485 612 3548 S.
630 3481 770 3545 Mauritit'
786 3502 820 3546 ac
840 3484 869 3546 S.
891 3482 1056 3545 Bernardr.
1255 3483 1338 3544 inter
1358 3477 1528 3541 Generalis
1556 3482 1682 3544 Ordinis
1697 3482 1854 3545 Mororum
1871 3481 1890 3542 S
1915 3478 2015 3541 Fran·

1253 3561 1322 3622 cisti
1333 3608 1342 3638 ,
1362 3558 1440 3623 solus
1461 3559 1620 3623 Generalis
1639 3561 1784 3624 Fratrum
1801 3562 1960 3624 Minorum
1977 3558 2014 3619 de

769 3687 786 3745 ς
840 3678 903 3744 Ἠ
1254 3638 1487 3714 Obseruantia,
1521 3661 1674 3703 unacum
1711 3640 1912 3703 Generaiibus
1938 3640 2015 3702 alia·

789 3724 795 3740 '
907 3726 913 3737 “
1254 3742 1321 3781 rum
1349 3719 1575 3796 Religionum,
1605 3718 1708 3783 assallit
1729 3720 1879 3797 Cappellae
1910 3719 1949 3780 D.
1972 3716 2013 3778 N.

1252 3800 1364 3873 Papa,
1384 3801 1497 3861 idcirco
1518 3820 1579 3862 non
1609 3803 1765 3863 immerito
1790 3818 1891 3863 utitur
1919 3798 2016 3862 titulo

499 3884 546 3942 De
563 3888 669 3957 quarta
681 3874 881 3955 principaliori
898 3878 1030 3957 Regula,
1057 3895 1122 3952 qua
1139 3875 1179 3954 est
1252 3877 1408 3940 Generalis
1425 3878 1567 3943 Ordinis.

563 3962 592 4023 S.
615 3959 782 4038 Frentrsci,
801 3952 841 4023 (Τ
862 3959 900 4021 de
920 3954 1118 4019 militantibus
1291 3958 1351 4020 Sub
1372 3959 1547 4022 obedientia
1571 3958 1699 4036 praedisli
1728 3959 1860 4024 Minislti
1877 3960 2017 4023 Genera·

754 4035 811 4117 sub
828 4037 904 4116 ipsa.
1255 4038 1290 4099 lis
1308 4042 1407 4100 totius
1429 4038 1554 4104 Ordinis
1571 4039 1683 4118 degunt
1705 4059 1799 4102 etiam
1825 4047 1922 4105 variar
1942 4040 2019 4101 ero·

1254 4122 1364 4181 vinciae
1382 4116 1526 4181 Fratrum
1547 4120 1805 4183 Discalceatorum
1828 4122 1934 4182 'I'errir
1957 4117 2018 4180 Or·

497 4199 619 4271 Quarta
636 4188 1217 4274 principaliorRepulaellS.Francisci,
1251 4198 1349 4257 diuis.
1372 4195 1823 4278 insuper&Cr>nceptionrllae
1855 4197 2017 4261 novissime

456 4282 593 4348 naricam
615 4277 665 4339 tibi
688 4279 862 4338 irrrmedrate
888 4298 903 4337 a
928 4278 996 4337 Deo
1026 4276 1217 4349 revelatam,
1251 4273 1396 4340 florentes
1418 4277 1583 4346 nraesertim
1614 4287 1645 4340 in
1672 4281 1778 4441 Regno
1808 4280 2016 4353 Poloniae,ut

457 4355 600 4418 &verbo
618 4358 800 4420 adverbum
818 4355 867 4417 tibi
888 4353 1045 4418 didiam&
1068 4355 1216 4416 traditam
1251 4373 1341 4418 notat
1363 4358 1393 4418 P.
1416 4359 1521 4418 Petrus
1541 4361 1695 4422 Antonius
1758 4358 1899 4424 Veneriis
1916 4364 1948 4419 in
1965 4353 2021 4417 suo

457 4435 631 4510 conscripsit
696 4457 784 4511 prout
813 4456 874 4497 non
896 4452 1019 4497 tantum
1044 4430 1167 4506 ipsemet
1185 4434 1214 4493 S.
1254 4434 1404 4513 Viridario
1420 4435 1573 4513 Seraphim
1597 4459 1670 4502 tom.
1693 4457 1724 4510 a:
1744 4459 1821 4517 part.
1843 4459 1870 4501 ι.
1889 4458 1955 4514 cap.
1970 4452 2018 4510 tp.

456 4484 828 4589 Patetiaepesasiirsesl,
849 4513 894 4575 sed
921 4516 1017 4589 plures
1050 4507 1215 4574 Pontifices
1289 4513 1350 4576 sub
1370 4518 1473 4577 eadem
1492 4516 1610 4597 Regula
1633 4509 1870 4589 &Franciscirn
1892 4513 2019 4590 suapti-

456 4592 619 4655 contestati
650 4594 717 4659 sunt
740 4643 748 4671 ,
774 4599 853 4655 inter
872 4615 947 4667 quus
968 4592 1136 4668 Gregorius
1159 4590 1213 4652 lx.
1251 4614 1351 4656 meva
1371 4598 1505 4664 puritate
1526 4599 1692 4676 militant,
1719 4620 1845 4673 eamque
1865 4590 2021 4661 exafillll·

454 4674 487 4745 in
510 4673 622 4741 Regula
639 4672 782 4735 Fratrum
800 4673 958 4735 Minorum
977 4694 1042 4744 cap.
1068 4690 1092 4730 1.
1122 4670 1212 4759 Nito-
1251 4676 1350 4734 mead
1374 4675 1496 4736 literarr·
1516 4676 1680 4741 observant
1699 4680 1730 4740 P.
1743 4679 2026 4752 Capuccini,quo-

456 4751 523 4814 laus
546 4751 599 4813 lll.
623 4774 687 4828 cap.
708 4752 783 4815 exiit
805 4767 833 4828 3.
863 4752 897 4812 de
923 4748 1034 4814 verior.
1057 4753 1213 4828 fignificat.
1252 4773 1319 4812 rom
1344 4751 1623 4832 congregationem
1645 4757 1843 4820 confirmatur
1872 4757 2022 4818 Clemens

455 4833 488 4891 in
509 4833 538 4891 6.
561 4830 689 4894 lntoetit
711 4834 774 4894 iiaec
796 4830 933 4907 Religio,
952 4853 1042 4902 otram
1073 4830 1101 4888 S.
1126 4830 1215 4891 Pater
1252 4829 1319 4890 Vll.
1337 4831 1469 4895 Conlirt.
1492 4853 1541 4897 21.
1563 4857 1630 4910 quae
1658 4840 1765 4909 incipit
1783 4836 1945 4916 Religionis
1965 4852 2021 4901 ze·

456 4916 598 4972 Fratrum
627 4911 777 4972 ranorum
807 4910 949 4985 appellari
980 4911 1109 4977 voluit,
1135 4914 1215 4971 circa
1250 4909 1316 4985 lus,
1337 4910 1371 4974 dt
1392 4913 1500 4976 deinde
1522 4917 1630 4980 Paulus
1650 4915 1705 4978 Ill.
1723 4918 1925 4983 Consistit.
1947 4932 2021 4991 quo

455 5010 569 5051 antrum
593 4990 678 5072 1308.
700 4986 849 5052 Porrtisice
877 4988 1056 5050 lnuoceutio
1084 4988 1138 5048 lll.
1164 4993 1212 5060 qui
1250 4993 1358 5066 incipit
1377 4991 1495 5055 Status.

453 5069 591 5133 eamdem
608 5069 668 5131 solo
689 5084 793 5133 tamen
812 5071 894 5134 vivae
916 5068 1215 5134 vocisoraculocou·
1290 5069 1351 5135 Sub
1381 5074 1487 5137 eadem
1516 5074 1633 5153 Regula
1661 5076 1691 5139 S.
1721 5074 1871 5144 francisci
1898 5094 1963 5140 non
1981 5069 2020 5137 ad

1939 5174 1983 5218 tr·
