4584 5992
661 538 1412 617 nacturunrscar.
1465 539 1494 611 1.
1763 543 1856 635 85‘

298 646 369 714 sive
386 644 709 721 ablolnrlolmparrlra
720 640 818 705 suerit
835 638 988 718 absolute,
1006 662 1058 717 pu·
1095 637 1196 713 iusque
1217 657 1422 715 praeceptum‚
1442 641 1491 700 cui
1510 659 1613 714 parere
1628 636 1742 713 debet,·
1761 639 1793 701 dt
1814 651 1864 701 ta·

298 747 356 804 ta,
386 731 458 803 quia
479 725 621 801 deceptus
641 724 804 802 Superior,
834 722 961 786 credidit
989 737 1059 784 eum
1095 721 1128 781 lu
1145 720 1312 788 Superioris
1335 721 1470 797 cognitio
1491 739 1525 781 ac
1546 724 1610 785 eius
1640 717 1776 782 mandati
1806 731 1862 777 ne·

300 809 456 885 poeoitete
476 808 628 878 criminis,
645 809 692 878 qui
716 802 929 879 perseverabat
952 807 982 862 iri
999 823 1060 862 crr-
1093 797 1222 861 celsario
1244 801 1428 873 requiritur,
1447 817 1482 860 ut
1506 803 1536 859 in
1559 802 1710 876 pertinaci
1727 796 1860 859 eiusdem

299 892 404 962 mine3
431 887 493 949 live
523 886 758 958 conditionate,
789 901 862 957 puta
888 879 939 944 snb
969 900 1059 956 poena
1094 878 1229 940 mandati
1247 877 1482 955 transgressione
1503 876 1539 941 lit
1556 880 1588 942 dt
1605 882 1663 941 dici
1681 880 1748 950 ouis
1772 872 1860 950 posfit

300 965 514 1029 reincidentiae
536 963 760 1026 incensurum.
778 962 911 1024 Nullum
925 966 1005 1023 enim
1018 959 1058 1020 esi
1094 960 1318 1020 contumaciter
1339 959 1512 1021 inobediens
1536 962 1658 1034 proprio
1678 958 1832 1029 Superiori
1846 991 1859 1011 .

301 1048 461 1109 decretum
481 1048 616 1107 eximens
634 1047 665 1104 in
682 1042 726 1103 lus
742 1042 854 1104 casibus
870 1041 1060 1115 Superiorem
1097 1037 1220 1121 insuper
1238 1036 1309 1098 licet
1330 1042 1462 1099 monitio
1483 1037 1516 1099 dr
1533 1042 1645 1101 citatio
1660 1035 1862 1097 dissecantiu-

298 1124 340 1189 ab
355 1143 448 1187 onere
469 1128 665 1185 monitionis.
684 1121 719 1182 ln
738 1125 832 1184 tertio
851 1119 1060 1195 autemeam,
1096 1136 1143 1179 ter
1160 1120 1206 1193 le,
1228 1120 1519 1190 quatenusmonitio
1535 1116 1570 1180 fir
1582 1137 1621 1182 ut
1642 1114 1776 1177 subditus
1788 1131 1861 1177 cetr-

300 1207 333 1267 in
353 1225 416 1281 quo
437 1203 568 1266 diximus
590 1201 689 1265 locum
710 1202 817 1262 habere
839 1203 1061 1273 monitionem,
1095 1195 1197 1258 suram
1218 1199 1318 1270 vitet,
1334 1201 1444 1259 citatio
1467 1217 1539 1259 vero
1556 1197 1655 1273 utqui
1677 1199 1794 1257 citatur
1804 1190 1860 1255 fiat
1884 1251 1886 1256 .

298 1282 322 1346 sr
344 1281 495 1346 absolutio
517 1304 534 1345 a
551 1280 675 1345 censura
694 1278 787 1342 suerit
807 1278 962 1355 absoluta,
980 1299 1057 1341 nora
1095 1280 1209 1340 certior
1230 1275 1267 1337 de
1287 1296 1325 1339 eo
1346 1277 1425 1351 quod
1443 1273 1554 1339 sadum
1574 1277 1615 1338 ell
1636 1297 1686 1350 per
1707 1275 1860 1345 iudicem,

298 1365 469 1441 requiritur
490 1366 828 1437 monitio,.cum⁴nova
846 1358 1005 1423 statuenda
1023 1357 1059 1420 lit
1096 1353 1191 1431 reipsa
1212 1376 1315 1419 tamen
1338 1360 1469 1419 monitio
1487 1354 1529 1416 eil
1550 1378 1642 1432 genus
1658 1356 1807 1428 quoddam
1817 1352 1861 1414 ci·

295 1443 428 1508 censura
469 1438 709 1518 Qrodsisuerrt
726 1440 964 1514 conditionata,
985 1458 1059 1502 tunc
1096 1440 1497 1500 tationistcitarioautcm
1518 1439 1628 1499 nullius
1660 1434 1861 1496 elimonren·

299 1519 459 1586 necessrtas
478 1520 537 1595 ipsa
558 1519 717 1594 implendae
739 1521 920 1582 conditionis
941 1520 989 1581 vel
1011 1518 1059 1579 de·
1096 1521 1143 1593 ti,
1163 1516 1215 1577 nili
1232 1514 1288 1578 fiat
1307 1519 1429 1577 nomine
1452 1514 1579 1577 iudicis.
1599 1515 1732 1592 Quando
1746 1514 1861 1577 citatio

297 1618 367 1665 ntro
392 1597 550 1663 subeundae
570 1598 706 1664 ceol'urae
718 1648 726 1677 ‚
747 1599 775 1661 se
796 1598 886 1662 habet
908 1616 942 1661 ut
960 1619 1048 1672 perpe
1095 1593 1195 1658 sertur
1215 1597 1455 1657 incommodum
1479 1597 1607 1658 alicuius
1636 1593 1860 1670 particularis,

301 1700 360 1747 tna
383 1682 519 1755 qrraedam
543 1682 687 1742 monitio.
717 1679 747 1740 Si
775 1696 879 1741 autern
898 1684 1058 1755 contingat
1096 1678 1131 1739 ad
1151 1677 1231 1737 illins
1252 1672 1427 1737 inllantiam
1452 1670 1589 1738 facienda
1610 1675 1684 1750 οὓς
1713 1672 1862 1735 flantem

319 1759 538 1835 uod'Supcrior
555 1766 667 1822 iterum
684 1756 858 1822 submittere
875 1758 1061 1822 debearcen·
1095 1754 1149 1818 fiat
1171 1760 1201 1815 in
1222 1754 1336 1817 bonum
1356 1774 1539 1832 commune,
1558 1774 1633 1818 tunc
1655 1772 1690 1815 nt
1707 1751 1863 1816 erofficto

296 1783 379 1905 surae
399 1858 489 1915 eunt,
509 1860 597 1913 quein
620 1835 755 1902 absolute
779 1859 794 1899 a
815 1839 943 1900 censura
965 1840 1061 1903 absol·
1095 1832 1149 1897 suo
1170 1836 1306 1912 procedit
1324 1834 1466 1910 Superior
1486 1834 1538 1899 sen
1554 1834 1672 1909 ludere,
1690 1831 1727 1895 sic
1744 1847 1864 1907 expro-

298 1935 408 1996 vetat,
427 1937 488 1981 non
509 1939 583 1993 opus
604 1917 647 1980 eli
665 1936 698 1981 ut
721 1918 891 1980 adnntnitio
917 1916 972 1982 fiat
995 1940 1060 1992 per·
1097 1919 1163 1989 prio
1182 1931 1271 1978 nrotu
1291 1911 1325 1977 dc
1342 1917 1466 1978 nomine
1484 1917 1589 1978 indicis
1611 1914 1742 1977 monitio
1763 1912 1797 1976 dr
1817 1913 1862 1974 ci·

298 1996 470 2074 sonaliter,
487 1998 533 2060 sed
553 1994 661 2061 l'ufficit
682 2016 715 2060 ut
732 1997 789 2060 fiat
808 1997 844 2059 ad
865 1999 986 2060 domum
1006 2019 1060 2061 ex·
1097 1999 1178 2058 tatio
1195 1994 1354 2069 procedere
1375 1992 1513 2070 possunt.
1536 1996 1608 2058 Nou
1625 1990 1672 2057 eli
1688 1994 1805 2055 necesse
1825 2004 1862 2053 ut

298 2078 543 2143 communicandi
560 2126 567 2148 ,
589 2095 626 2141 nt
642 2080 730 2139 iuxta
750 2097 845 2138 novas
864 2078 953 2147 Rota
980 2080 1061 2142 deci·
1095 2077 1228 2139 monitio
1245 2072 1302 2136 fiat
1324 2073 1507 2151 inscriptis,
1530 2096 1600 2137 curn
1621 2072 1704 2137 nulla
1722 2070 1788 2150 lege
1805 2071 1863 2134 boc
1914 2085 1917 2094 ·

299 2158 398 2222 stones
427 2176 517 2219 notat
542 2157 730 2220 Grbnlinus.
758 2178 787 2233 4.
822 2156 992 2221 Necessaria
1017 2156 1060 2222 esi
1097 2160 1271 2231 requiratur
1294 2201 1302 2228 ,
1323 2172 1358 2217 ut
1378 2172 1468 2216 notat
1489 2155 1620 2218 Suarer:
1642 2173 1713 2216 nam
1743 2156 1859 2225 rapui.

299 2239 454 2310 monitio,
478 2258 547 2298 cnm
577 2258 664 2313 rens,
689 2254 854 2310 antequam
881 2238 908 2297 ei
927 2241 1061 2301 monitio
1095 2236 1134 2296 de
1149 2232 1275 2312 sentent.
1294 2232 1503 2299 excommunic.
1529 2240 1560 2297 in
1580 2239 1609 2297 6.
1631 2232 1711 2309 quod
1739 2231 1862 2294 adduci·

300 2314 411 2394 lieret,
427 2316 597 2380 declaravit
612 2336 717 2381 corant
735 2316 851 2399 iudice,
864 2314 894 2378 se
909 2337 1061 2393 nunquam
1095 2333 1145 2376 tur
1162 2313 1200 2375 ab
1222 2318 1256 2375 iis
1278 2319 1326 2384 qui
1348 2319 1535 2378 contrarium
1556 2316 1692 2377 sentiunt
1708 2362 1718 2387 ,
1732 2331 1770 2374 ne
1787 2328 1861 2374 ver·

298 2396 518 2472 ‹bediturum3
539 2401 611 2472 quia
626 2402 727 2460 etiam
754 2391 867 2459 seclusa
891 2400 1062 2460 monitione
1095 2393 1167 2456 bum
1188 2392 1309 2467 quidem
1331 2393 1421 2459 habet
1439 2397 1475 2456 de
1497 2395 1739 2469 monitionibus,
1756 2388 1859 2454 led-lo·

300 2474 350 2538 laic
373 2476 449 2539 esset
471 2496 540 2539 reus
553 2493 721 2539 contumax
741 2491 849 2537 contra
866 2473 1061 2550 suum'Supe·
1098 2474 1162 2536 lurn
1183 2470 1224 2533 ibi
1245 2475 1347 2547 agitur
1363 2479 1399 2535 de
1421 2471 1597 2547 proferenda
1611 2477 1643 2534 in
1659 2472 1776 2547 scriptis
1796 2469 1861 2533 seta·

298 2558 435 2633 norem,
463 2577 522 2617 non
546 2573 654 2617 contra
685 2553 868 2627 cenl'utam3
897 2572 963 2617 tum
993 2561 1061 2629 unia
1098 2557 1196 2615 tentia
1225 2556 1576 2617 exconmunicationis.
1613 2550 1730 2616 Sufficit
1765 2552 1861 2628 igitur

299 2636 442 2709 praelumi
455 2634 564 2711 debet,
581 2655 687 2712 rcum,
708 2636 727 2695 li
738 2652 954 2706 competenter
964 2637 1061 2695 admo·
1118 2632 1177 2693 nod
1194 2629 1269 2706 stat,
1290 2634 1383 2693 immo
1398 2631 1462 2693 sieri
1480 2633 1566 2697 debet
1580 2681 1589 2708 ‚
1605 2629 1723 2695 etiamsi
1741 2632 1862 2701 scriptis

299 2718 388 2799 nitus
405 2713 522 2790 suerit,
543 2715 670 2777 tandem
697 2713 1002 2785 obtemperaturum
1029 2714 1062 2776 dt
1096 2654 1233 2785 seratur,
1252 2730 1354 2771 coram
1377 2709 1518 2789 testibus,
1537 2709 1652 2774 scilicet
1674 2711 1711 2773 ad
1735 2708 1863 2784 praeseu-

297 2795 412 2855 saltem
428 2795 585 2856 utilissrit
609 2791 893 2865 talismonitio‚ut
914 2810 1058 2866 appareat
1099 2791 1179 2851 tiam
1219 2786 1702 2866 ersonarumtdonearum,ursr
1725 2809 1857 2865 unquam

300 2874 381 2946 quod
403 2871 474 2935 talis
501 2871 627 2934 censura
654 2866 771 2934 feratur
795 2871 826 2928 in
849 2889 924 2932 vere
952 2888 1061 2934 contn-
1097 2889 1172 2944 opus
1194 2812 1287 2932 ibero
1308 2874 1665 2948 monitionemprobari,
1685 2891 1791 2933 earum
1810 2888 1858 2934 tt·

298 2971 444 3014 marem.
466 2971 492 3028 5.
512 2951 579 3013 Nec
597 2951 721 3013 iteratio
735 2947 880 3015 censutae
905 2952 1015 3016 eximit
1045 2973 1062 3017 a
1095 2946 1239 3014 liinmnio
1254 2950 1371 3026 probari
1390 2949 1496 3027 possit.
1520 2949 1568 3015 lta
1585 2958 1632 3017 itu
1648 2949 1860 3027 praecipitsrne

304 3028 414 3120 debito
433 3033 624 3093 monitionis.
1095 3032 1159 3094 ulla
1179 3036 1381 3108 exceptione,
1399 3050 1437 3096 nt
1464 3031 1591 3097 babetur
1620 3034 1650 3094 itt
1676 3052 1742 3107 cap.
1776 3034 1861 3095 Sauro

338 3108 424 3172 Hinc
444 3113 496 3197 usn¹
515 3112 575 3201 iarn
595 3115 878 3188 excommunicatus
898 3113 940 3179 esi
960 3116 1061 3177 aiure
1095 3112 1133 3175 de
1149 3110 1277 3189 lenient.
1297 3113 1539 3177 excommunicat.

300 3207 427 3267 propter
437 3188 552 3281 -sllerrci
575 3195 776 3263 percusioncm
796 3241 804 3269 ,
823 3196 940 3271 “nequit
961 3195 1061 3258 denno
1137 3191 1340 3277 Euprimenda
1361 3193 1403 3257 esi
1429 3200 1543 3269 pariter
1564 3193 1669 3259 saltem
1689 3193 1861 3271 generatim

301 3283 429 3360 propter
442 3268 528 3361 ¹idern
543 3267 639 3334 scelus
659 3269 696 3334 ab
713 3272 833 3335 bomine
849 3273 977 3337 censura
994 3296 1060 3351 per·
1095 3277 1218 3335 censura
1236 3295 1246 3347 3
1275 3274 1349 3337 alias
1371 3295 1432 3337 non
1452 3271 1533 3338 soret
1566 3295 1641 3337 vera
1657 3275 1863 3343 contumatia

298 3365 385 3423 cuti,
417 3349 472 3408 nrlt
502 3352 583 3423 prins
605 3349 818 3415 admoneatur.
839 3355 961 3432 Duplex
981 3358 1062 3417 enim
1094 3370 1205 3414 contra
1226 3351 1405 3416 censuram:
1428 3353 1460 3416 dr
1478 3355 1507 3416 id
1528 3351 1632 3415 suadet
1649 3350 1861 3426 consuetudo,
1927 3419 1929 3424 ,

300 3445 392 3503 perna
412 3426 562 3502 duplicem
581 3427 723 3503 supponit
744 3432 886 3510 cuipam,
905 3433 1060 3511 &duplici
1096 3443 1164 3505 ’ωε
1185 3429 1228 3493 esi
1245 3435 1360 3504 optima
1378 3435 1479 3509 legum
1496 3436 1663 3507 interpres.
1681 3430 1771 3495 Unde
1788 3427 1860 3492 satir

298 3502 433 3570 censura:
454 3506 565 3581 duplex
587 3507 765 3584 respondete
785 3512 873 3574 debet
904 3529 1061 3576 contuma·
1097 3513 1237 3573 nouerit
1262 3509 1282 3571 fi
1304 3512 1399 3574 solnm
1426 3515 1542 3576 citetur
1562 3532 1651 3589 reus,
1676 3511 1709 3575 dt
1729 3528 1860 3574 monea-

296 3588 364 3649 cia.
381 3585 480 3648 Unde
493 3609 565 3651 curn
585 3593 616 3651 in
633 3593 703 3653 casu
733 3590 885 3666 proposito
914 3593 1062 3669 multipli·
1098 3608 1150 3652 tur
1178 3606 1213 3652 ut
1234 3586 1400 3656 satisfaciat
1425 3596 1504 3668 parti
1527 3590 1625 3669 salae,
1645 3611 1682 3655 ut
1703 3590 1741 3655 ab
1766 3607 1862 3667 opere

298 3683 390 3760 tetur
407 3685 521 3758 prena,
540 3669 684 3746 igitur&
707 3669 795 3746 culpa
819 3672 936 3734 necelle
957 3670 1000 3735 est
1025 3691 1061 3736 at
1098 3671 1201 3732 vetito
1221 3667 1360 3748 desrslat,
1379 3670 1428 3736 sed
1452 3672 1644 3751 adiungenda
1664 3675 1723 3735 erit
1752 3665 1862 3734 oensu·

296 3744 592 3835 rntrlrrplrcetnr‚ac
614 3750 683 3812 ideo
701 3770 773 3813 cum
794 3767 1061 3816 vetuscontuma·
1097 3770 1138 3812 nr
1160 3753 1384 3815 comminatio.
1417 3753 1490 3816 Non
1512 3751 1553 3816 eli
1582 3772 1684 3816 tamen
1717 3749 1861 3823 necesse,

296 3820 434 3889 carsatis
456 3847 508 3901 per
525 3826 681 3891 censuram
703 3833 809 3903 punita
826 3826 921 3894 suerit
938 3851 956 3894 a
978 3835 1062 3909 iure,
1095 3830 1174 3905 qnod
1194 3829 1272 3892 banc
1290 3833 1339 3894 vel
1361 3833 1446 3895 illam
1461 3831 1590 3908 speciem
1609 3832 1743 3896 censuroe
1761 3831 1864 3905 expri-

297 3922 334 3968 nt
353 3925 437 3969 nova
456 3903 582 3972 censura
603 3909 725 3971 accedat
756 3907 793 3971 ab
814 3908 956 3988 homine,
978 3933 1060 3976 nova
1096 3927 1181 3985 mat,
1201 3932 1272 3973 cum
1284 3910 1474 3975 sufficienter
1496 3912 1533 3974 fit
1545 3930 1717 3977 contumax
1738 3914 1863 3986 quinon

295 4003 371 4059 opus
391 3983 433 4076 eli
449 4004 488 4078 'ut
510 3986 634 4050 accedat
651 3994 863 4058 cornumacia.
886 3991 1061 4054 Sic'Gibali·
1097 3991 1269 4066 paretpoll
1299 3990 1441 4055 indisiam
1469 3991 1518 4055 libi
1550 3995 1582 4054 in
1615 4010 1727 4068 genere
1755 3985 1865 4052 censu·

293 4082 352 4156 otas
372 4084 425 4129 cit·
447 4086 477 4126 tn
493 4068 634 4145 supplem.
655 4070 791 4134 Torrrnrl.
816 4088 925 4135 contra
949 4074 1060 4136 Panot·
1096 4091 1180 4132 ram:
1204 4088 1277 4132 tunc
1293 4070 1434 4144 spedabit
1457 4073 1490 4133 ad
1502 4071 1632 4133 iudicem
1647 4069 1782 4133 {laurete
1794 4089 1865 4133 teu·

292 4162 406 4209 tnttan·
428 4143 463 4209 &
483 4146 640 4213 Covatuv.
1099 4145 1220 4225 suram,
1238 4171 1305 4225 quer
1327 4152 1365 4213 ad
1385 4154 1614 4215 contumaciam
1640 4149 1863 4228 reprimendam

1097 4231 1124 4290 ei
1146 4233 1238 4304 magis
1258 4229 1366 4292 idonea
1389 4229 1558 4295 videbitur.

613 4316 638 4375 ς.
684 4309 747 4375 ΙΧ.
1131 4307 1214 4370 lum
1235 4310 1255 4368 ii
1275 4310 1864 4398 qttimonentur,nominarimerprimi

307 4420 402 4489 ’θ’
421 4424 503 4489 ...a
522 4446 575 4504 ruo
590 4422 729 4505 suna.
760 4426 798 4506 ‘l
818 4426 1000 4492 druis·
1094 4388 1204 4531 llil
1226 4409 1299 4530 1⁶3¹}
1315 4392 1521 4534 ‘sssi'si‘tll
1540 4388 1863 4536 lisllllalsll·

334 4540 518 4635 Admonitio
537 4544 604 4609 fieri
626 4542 712 4636 debet
735 4544 771 4607 ab
790 4543 850 4622 ipso
867 4543 971 4609 Iudice
985 4593 994 4622 ,
1010 4539 1059 4607 vel
1094 4552 1178 4611 cuius
1202 4549 1253 4612 vel
1276 4554 1427 4623 proprium
1455 4570 1565 4614 nornen
1587 4554 1790 4627 exprimitur,
1812 4517 1865 4611 res

293 4641 421 4716 nomine
440 4621 588 4702 ipsiusqui
606 4645 669 4687 vim
690 4624 779 4688 ltabet
792 4628 970 4700 citationis,
991 4646 1058 4702 quae
1095 4630 1192 4703 certi,
1213 4627 1292 4711 ulnie
1314 4632 1395 4693 clare
1413 4628 1442 4693 se
1462 4628 1646 4707 cognoscere
1664 4631 1770 4707 possit,
1787 4626 1861 4689 chr·

292 4703 438 4766 sarienda
457 4703 501 4767 est
522 4709 646 4767 nomine
667 4703 700 4769 dt
725 4702 909 4789 audioritate
937 4711 1059 4781 eins,a
1098 4709 1232 4769 radietur
1254 4727 1475 4785 exponuntur.
1506 4712 1536 4773 Sl
1567 4730 1671 4773 autent
1696 4728 1804 4786 agatur
1824 4707 1863 4770 de

293 4801 357 4857 quo
376 4778 495 4860 sertnr;
516 4788 587 4861 qnia
601 4804 694 4847 nemo
715 4787 856 4847 censetur
888 4784 1059 4848 inobediens
1094 4787 1222 4851 Commu
1249 4793 1349 4864 itate,
1368 4812 1436 4866 quat
1447 4809 1516 4855 tota
1526 4793 1782 4854 excommunicari
1801 4806 1863 4850 non

293 4858 609 4942 &consumamur
628 4884 680 4938 per
696 4862 935 4927 inobedientiam
952 4885 1058 4929 contu·
1098 4869 1181 4929 valet
1207 4869 1348 4946 ,singuli
1380 4874 1567 4934 nominatim
1594 4870 1735 4932 osonendi
1768 4867 1861 4932 sunt..

293 4960 416 5037 macena
435 4961 589 5022 praecepto
613 4944 799 5019 Superioris,
820 4965 888 5019 quae
919 4966 979 5008 non
1009 4948 1058 5007 da·
1095 4946 1143 5010 lta
1167 4967 1208 5009 ex
1228 4946 1336 5025 Glossa
1363 4951 1395 5011 in
1422 4954 1475 5011 cit.
1499 4971 1564 5023 cap.
1592 4947 1861 5026 corstitutionum.

293 5039 351 5085 t-ur
371 5020 425 5085 nist
447 5028 580 5094 monitio
595 5024 651 5115 frat
672 5026 738 5087 eins
760 5027 902 5100 nomine,
920 5046 990 5089 turn
1010 5046 1060 5101 per
1097 5026 1131 5088 ln
1148 5024 1216 5090 casu
1238 5049 1314 5091 vero
1332 5029 1507 5102 interdisli,
1528 5032 1607 5102 quod
1628 5027 1734 5093 cadere
1768 5026 1864 5106 potest

292 5101 355 5169 boc
372 5100 429 5169 stat
444 5119 481 5194 ut
499 5106 660 5183 cognoscat
682 5100 770 5169 snum
789 5104 1009 5187 Superiorem,
1028 5124 1060 5170 e·
1096 5109 1128 5170 in
1150 5125 1251 5174 totam
1275 5106 1541 5181 Universitatem‚
1560 5106 1708 5175 satiserit
1724 5132 1777 5174 eos
1798 5127 1863 5172 mo-

374 5180 920 5262 orari.rlrrol.ooral.T0mv1.
1497 5185 1523 5249 F
1564 5202 1579 5266 3
1731 5209 1825 5262 nere,
