4584 5992
294 579 301 586 .
411 529 588 614 ξος,
723 509 831 594 '‘'r
880 513 909 593 'ii
965 511 1152 595 a‘oe
1210 517 1321 594 a't
1370 533 1489 604 u‘
1588 561 1600 576 ·

308 645 312 652 ·
365 625 415 700 spi
436 624 593 852 Relyioso,
608 607 644 690 iii
657 631 757 688 conire
766 638 875 686 earnes
884 621 1025 685 Semitas
1042 619 1123 681 ein·
1157 641 1208 686 nir
1223 613 1396 695 retiati-us
1410 612 1539 687 mss·
1570 603 1612 680 (θ’
1629 608 1847 696 slsulssml
1866 628 1917 684 se·

368 712 446 797 tifex
464 711 498 775 di
508 706 627 790 pensare
646 713 758 783 queam
790 699 928 779 intellige
943 717 1049 764 tamen
1069 697 1125 762 do-
1159 701 1201 765 Et
1222 697 1288 762 liaec
1303 695 1346 761 esl
1366 699 1505 762 imitatio
1522 689 1633 757 Christi
1656 741 1666 772 ,
1695 697 1804 774 inqua
1825 698 1921 762 consi·

368 815 426 858 nec
443 785 610 868 Reipiosus
638 787 670 847 in
691 781 772 846 slatu
796 778 972 846 Monachali
992 776 1043 841 seu
1063 776 1124 841 Re·
1158 779 1210 844 siit
1238 774 1392 857 Religiosa
1422 770 1563 863 perseslio
1587 821 1596 850 ,
1624 791 1660 838 ut
1694 773 1755 850 ipse
1783 776 1922 845 Chrislut

367 871 479 953 ligioso
495 880 696 946 permaneat.
728 861 767 926 Et
793 860 932 937 equidem
951 879 1023 924 curn
1039 858 1124 950 Reli·
1159 860 1307 923 Dominus
1322 859 1367 922 ait
1386 878 1394 922 :
1416 855 1448 950 si
1461 873 1513 919 uir
1529 850 1674 995 pe'rjeiiru
1690 852 1771 936 effe,
1794 854 1922 951 sequere

369 950 470 1032 piosus
494 947 589 1013 siatus
618 943 656 1008 sit
685 941 782 1006 slatus
809 936 1000 1017 perfeilionis
1023 957 1127 1013 acqui·
1159 958 1229 1006 iiie.
1259 936 1365 1012 Quare
1385 956 1479 1002 trium
1502 936 1695 999 coniliorurn
1722 934 1920 1002 observantie

367 1032 473 1100 tendit
492 1050 545 1109 per
564 1024 716 1093 servorem
730 1020 917 1097 charitatis,
943 1034 1069 1097 oportet
1089 1032 1125 1081 ut
1160 1019 1318 1095 adaquare
1338 1018 1384 1081 int
1422 1033 1471 1082 rat
1489 1014 1648 1081 essentiam
1666 1010 1920 1094 substantiamque

368 1111 586 1188 impedimenta
610 1117 767 1170 removeat
802 1120 870 1177 quae
903 1098 972 1164 huic
1007 1095 1126 1163 obllare
1161 1035 1434 1176 siatutlleligiols,
1455 1099 1500 1190 ita
1518 1090 1682 1185 utsiquid
1703 1093 1786 1160 aliud
1807 1096 1917 1189 adea·

368 1194 495 1274 poliunt
549 1188 583 1254 dt
615 1186 671 1249 linc
699 1179 735 1246 sit
766 1200 818 1254 per
835 1181 895 1244 tria
914 1192 1018 1243 vota.
1048 1174 1124 1240 Tria
1160 1179 1229 1242 dem
1246 1175 1371 1241 consilia
1391 1192 1545 1256 pertinent
1560 1172 1597 1238 ab
1612 1172 1718 1268 aliquo
1731 1196 1770 1239 eir
1788 1176 1853 1242 Reli
1879 1194 1921 1241 io·

368 1276 453 1336 enini
473 1238 543 1336 suist
569 1287 638 1344 quae
658 1258 873 1344 perfessionem
896 1256 946 1322 seu
965 1257 1127 1324 eharitatis
1161 1257 1197 1322 sis
1218 1253 1364 1322 inslitutis
1381 1260 1413 1320 in
1431 1251 1555 1321 solemni
1576 1255 1743 1406 Reaegionis
1762 1252 1846 1334 prose
1872 1276 1919 1320 io·

315 1363 321 1376 '
370 1348 548 1426 servorem,
567 1350 660 1409 immo
675 1341 766 1419 ipsam
781 1359 972 1405 communem
990 1339 1125 1401 omnium
1162 1358 1200 1403 ne
1227 1336 1447 1402 observandum
1474 1331 1626 1400 assisinato
1662 1353 1735 1412 ,ut
1771 1351 1921 1412 perpetua

370 1429 521 1496 fidelium
537 1424 723 1506 spiritualem
740 1421 868 1483 salutern
915 1422 1048 1483 maxime
1069 1419 1125 1479 im·
1163 1416 1344 1482 abstinentia
1360 1437 1378 1482 a
1398 1414 1557 1496 carnibus,
1575 1413 1715 1492 quaedam
1731 1415 1791 1479 alia
1806 1411 1921 1490 spacia*

305 1545 315 1568 i
369 1510 473 1592 pedire
493 1509 598 1573 valent
619 1553 628 1582 ,
655 1501 798 1566 videlicet
814 1497 865 1563 vel
882 1467 962 1563 bona
980 1489 1128 1575 exierna,
1161 1499 1198 1562 lis
1221 1499 1354 1573 eorporis
1379 1492 1530 1574 affliilio,
1561 1495 1612 1560 vel
1633 1514 1759 1559 munera
1780 1495 1920 1571 quadam

372 1591 519 1654 nimirum
535 1585 688 1661 cupiditas
713 1600 814 1645 rerum
841 1579 1056 1653 temporalium
1077 1579 1127 1639 seu
1161 1576 1323 1643 charitatis
1357 1597 1427 1654 erga
1458 1577 1629 1650 proximum
1656 1577 1853 1652 exercenda,
1882 1591 1928 1641 ut

369 1670 550 1734 divitiarum
566 1665 600 1731 dt
619 1660 781 1728 solicitudo
800 1658 867 1723 illas
887 1657 1035 1734 habendi,
1053 1675 1127 1719 con·
1161 1654 1319 1722 Missiones
1334 1655 1372 1721 ad
1388 1654 1525 1720 infideles
1544 1701 1555 1733 ,
1581 1650 1790 1720 catechismus
1809 1653 1922 1719 idioto⁴

283 1785 292 1794 -
370 1745 512 1814 servandi
533 1745 568 1811 dt
588 1740 748 1887 aufiendi,
775 1738 826 1803 vel
843 1740 975 1816 corporis
991 1734 1127 1803 asseclio·
1163 1760 1230 1803 runi
1273 1733 1512 1801 infirmorum&
1529 1735 1738 1814 languentium
1753 1757 1854 1815 cura,
1885 1732 1921 1802 ἀ

368 1848 442 1906 tres,
462 1825 534 1891 idesl
549 1825 620 1890 oble
651 1824 771 1886 ationes
785 1823 904 1895 carnii,
923 1835 998 1895 quas
1013 1836 1053 1881 eit
1069 1836 1126 1880 nii·
1162 1785 1329 1881 huiusmodi
1359 1816 1420 1880 alia
1444 1817 1627 1907 evangelicis
1657 1814 1790 1880 consiliis
1815 1815 1921 1881 coliaee

369 1911 442 1986 ptiis
460 1902 695 1982 haberemini,-
711 1899 844 1963 bumana
860 1900 1027 1976 cogitatio,
1044 1915 1128 1959 annot
1164 1900 1281 1971 tentia,
1300 1892 1431 1972 speslare
1450 1894 1570 1971 quidem
1591 1892 1655 1959 haec
1674 1897 1776 1959 omnia
1793 1896 1921 1973 possunt

364 1991 482 2066 proprii
503 1986 605 2050 iudicii
625 1982 660 2048 dt
680 1981 874 2057 voluntatis,
894 1981 943 2043 seu
964 1978 1059 2042 animi
1081 1979 1128 2038 in·
1163 1978 1200 2043 ad
1220 1976 1425 2040 differentiam
1444 1978 1539 2038 unius.
1555 1975 1679 2037 Ordinis
1697 1976 1733 2041 ab
1753 1976 1843 2053 alio,
1862 1977 1921 2038 mi·

367 2069 524 2132 ordinario
546 2112 556 2139 ,
582 2061 662 2138 quod
691 2058 862 2122 insinuatur
888 2077 916 2120 r.
942 2053 1068 2120 loannis
1097 2076 1125 2118 a.
1163 2062 1243 2121 nime
1268 2077 1349 2135 vero¹
1369 2056 1405 2118 ad
1430 2055 1593 2119 essentiam
1617 2055 1811 2134 Religionis,
1847 2073 1920 2143 que

368 2165 454 2212 omne
467 2147 543 2223 quod
561 2144 599 2224 eps
615 2149 647 2205 iii
666 2138 775 2204 inundo
796 2183 805 2214 ‚
825 2134 1050 2217 concupiscentia
1067 2155 1128 2201 car·
1162 2136 1299 2203 omnibus
1325 2131 1490 2200 Ordinibus
1511 2139 1677 2200 communis
1701 2134 1743 2198 cll
1764 2184 1773 2212 ,
1802 2134 1836 2200 dt
1865 2135 1921 2200 illa

370 2228 417 2290 nii
437 2227 492 2308 est,
510 2217 737 2302 concupiscentia
755 2217 920 2296 oculorum,
938 2215 979 2283 (φ
994 2213 1128 2296 superbia
1161 2220 1264 2283 omnia
1281 2219 1341 2281 iarn
1359 2219 1390 2279 in
1408 2219 1505 2280 tribus
1521 2216 1704 2295 evangelicis
1721 2214 1851 2280 consiliis
1868 2218 1923 2278 ins·

369 2306 466 2371 oitae.
489 2307 545 2368 Per
564 2301 793 2367 observantiam
812 2319 887 2363 vero
915 2300 1009 2362 trium
1028 2317 1126 2360 evan·
1166 2298 1271 2375 pliciit
1291 2301 1510 2363 continentur.

270 2387 273 2392 ’
368 2386 536 2464 gelitoruni
556 2380 750 2448 consiliorum
766 2380 869 2442 omnia
887 2376 954 2442 ltaec
971 2376 1126 2441 tolluntur
1201 2376 1339 2441 Secunda
1363 2377 1499 2442 conditio
1529 2377 1566 2442 ad
1593 2368 1838 2444 constituendum
1865 2365 1924 2443 slas

368 2465 600 2541 impedimenta.
622 2461 746 2525 Etenim
764 2479 817 2534 per
833 2474 1047 2536 paupertatem
1067 2456 1127 2521 tol·
1163 2472 1229 2545 tuni
1250 2454 1434 2536 Religiosuni
1459 2456 1533 2535 est,
1561 2459 1640 2535 quod
1667 2455 1733 2524 baec
1763 2463 1823 2522 tria
1844 2477 1924 2523 vota

367 2546 444 2610 litui
462 2562 662 2608 externorum
681 2538 857 2617 cupiditas,
876 2538 948 2601 dum
966 2535 1046 2600 banc
1064 2556 1121 2600 vo·
1161 2537 1358 2601 observentur
1380 2534 1431 2601 sub
1450 2537 1637 2616 obligatione
1667 2543 1735 2604 voti
1759 2535 1923 2615 solemnis,

372 2645 449 2690 vens
480 2644 543 2689 non
573 2621 669 2687 solum
698 2623 862 2685 renunciat
893 2617 1030 2681 omnibus
1057 2636 1126 2693 quae
1164 2615 1215 2681 seu
1242 2614 1285 2682 est
1316 2614 1482 2694 personalis
1506 2617 1656 2697 obligatio
1681 2621 1925 2697 proveniente:

369 2703 516 2782 possidet,
535 2700 584 2766 sed
604 2704 700 2766 etiam
717 2697 830 2764 iuribus
849 2701 881 2760 in
902 2695 1053 2774 posterum
1074 2718 1124 2760 at·
1162 2699 1246 2762 votis
1263 2696 1445 2762 solemnibus
1461 2698 1529 2762 Deo
1553 2697 1691 2778 emissis,
1720 2718 1752 2764 ut
1773 2700 1862 2760 docet
1883 2697 1925 2760 U.-

366 2782 505 2862 quirendi
523 2782 557 2847 ἀ
578 2779 759 2860 possidendi:
783 2778 1013 2843 Nutriinentirm
1030 2774 1125 2841 cbari-
1163 2769 1224 2840 Tii.
1243 2793 1333 2842 antea
1351 2781 1470 2841 citatus
1487 2799 1517 2853 q.-
1536 2780 1603 2842 186.
1620 2797 1679 2844 art.
1702 2783 1730 2842 6.
1749 2778 1821 2840 Non
1837 2779 1925 2841 enim

369 2864 442 2929 satir
460 2865 498 2940 est
516 2859 675 2926 diminutio
686 2858 874 2938 cupiditatis,
895 2855 1126 2939 perfessionullr
1162 2855 1271 2923 sufficit
1288 2856 1709 2937 simplexptopolitum‚quia
1722 2857 1925 2933 simplexpto·

369 2942 547 3023 cupiditas,
572 2943 618 3006 ait
636 2941 666 3003 S.
687 2941 767 3018 aug.
794 2940 843 3003 lib.
873 2939 919 3001 82.
948 2960 978 3013 q.
996 2940 1050 3077 ¹36.
1072 2939 1126 3000 Per
1164 2936 1292 3018 positum
1317 2936 1458 3000 servandi
1491 2943 1552 3002 tria
1571 2938 1695 3004 consilia
1716 2937 1923 3017 Evangelita,

367 3022 545 3087 catlitareni
571 3038 729 3085 coercetur
763 3018 915 3096 cupiditas
944 3017 1126 3081 senibiliiim
1163 3013 1676 3084 tametsiafervescentecharitate
1687 3017 1844 3097 procedat,
1860 3033 1923 3083 uua

366 3102 622 3179 oblesiatinnum,
643 3098 945 3174 licethoncslaru'm,
964 3098 1123 3160 Matrimo
1160 3119 1229 3161 cum
1258 3098 1389 3161 aliatum
1423 3100 1576 3163 virtutum
1607 3102 1760 3164 comitatu
1789 3094 1923 3162 sanslum

369 3185 439 3246 nei.-
460 3180 523 3266 err'
535 3181 599 3264 fine
618 3200 709 3243 rixare
729 3183 768 3251 es
783 3177 914 3259 solicitus
933 3178 969 3257 est
986 3199 1051 3256 qriae
1070 3182 1125 3240 Do·
1159 3175 1345 3242 constituere
1358 3181 1492 3255 poterit,
1509 3199 1662 3256 nunquam
1678 3198 1781 3244 tanien
1791 3177 1922 3257 Religio·

370 3260 448 3326 mini
461 3265 552 3342 iuni,
571 3258 713 3339 quinidi
726 3260 838 3339 placeat
858 3265 916 3324 Deo
934 3305 944 3337 ,
970 3256 1074 3336 apost.
1096 3277 1124 3319 i.
1162 3254 1245 3333 sum,
1260 3275 1330 3321 cum
1346 3256 1466 3335 Religio
1482 3256 1516 3321 sit
1526 3259 1649 3336 quidam
1665 3255 1921 3335 perfessioniisii·

369 3341 512 3407 Corinth.
534 3361 559 3423 7.
583 3344 639 3405 Per
661 3341 868 3405 obedientiam
894 3339 1015 3404 tollitur
1035 3342 1126 3412 impe·
1161 3355 1210 3401 tus
1227 3339 1350 3402 moralis
1365 3336 1545 3415 ampsellens
1555 3338 1712 3416 specialem
1725 3333 1921 3404 vivendisor·

366 3422 537 3487 dimentum
564 3418 614 3485 seu
640 3418 830 3486 inordinatio
859 3424 986 3496 propriae
1016 3418 1125 3481 vnlun·
1161 3440 1241 3481 main
1258 3435 1405 3495 perpetuo
1419 3418 1660 3484 observandam.
1677 3415 1760 3508 Nam
1776 3416 1813 3482 ad
1831 3418 1919 3481 buius

368 3506 469 3580 tatis,
489 3523 556 3578 quae
581 3502 672 3565 valde
692 3503 858 3577 opponitur
877 3500 1018 3576 exemplo
1037 3498 1123 3560 Chri·
1161 3518 1304 3563 naturam
1323 3502 1484 3577 requiritur
1504 3500 1707 3565 essentialiter
1733 3499 1864 3564 brmitas
1886 3494 1921 3561 ἃ

367 3580 426 3659 lli,
445 3591 494 3658 qui
516 3578 610 3644 stilus
629 3579 673 3645 esl
698 3580 841 3645 obediens
869 3582 961 3657 usque
981 3580 1020 3643 ad
1042 3596 1121 3641 mor·
1162 3579 1371 3659 immobilitas,
1388 3584 1433 3643 ita
1450 3596 1484 3643 ut
1497 3578 1625 3646 liberum
1635 3600 1696 3644 non
1714 3577 1750 3642 sit
1763 3578 1857 3668 talem
1865 3575 1923 3672 lla:

369 3679 456 3737 tem,
474 3682 543 3724 earn
564 3662 687 3724 alterius
704 3710 713 3739 ,
732 3675 842 3735 nempe
858 3661 1024 3738 Superioris
1045 3659 1124 3722 dire·
1161 3679 1229 3722 tuin
1246 3661 1410 3724 assumenti
1426 3659 1464 3724 ab
1480 3658 1544 3738 ipso
1561 3661 1718 3727 recedere.
1738 3657 1922 3724 Huiusmodi

368 3739 462 3805 dlioni
488 3738 713 3804 submittendo.
744 3739 835 3803 Unde
859 3761 930 3803 cnm
957 3760 1009 3816 pet
1029 3742 1127 3801 triiim
1161 3739 1454 3815 slabilitatemplane
1466 3739 1608 3817 praeliare
1619 3746 1726 3818 nequit
1737 3740 1925 3818 simplexvo·

365 3819 560 3886 consiliorum
570 3818 796 3884 observantiam
810 3816 968 3883 aiiseratiir
984 3818 1125 3895 quidquid
1162 3819 1292 3884 luntatis
1315 3818 1526 3900 propudium„
1548 3821 1626 3898 quod
1656 3823 1731 3888 licet
1759 3820 1797 3885 ab
1827 3822 1922 3888 initio

366 3918 456 3967 extra
479 3900 529 3965 vel
549 3903 633 3964 intra
654 3900 808 3964 hominem
836 3898 979 3973 impedire
1008 3895 1125 3978 potest,
1161 3897 1380 3980 firmissimum,
1404 3899 1467 3965 sine
1496 3903 1561 3967 ulla
1591 3902 1661 3980 culp
1710 3900 1859 3966 infirmari
1888 3897 1923 3970 ἃ

366 4001 403 4046 ut
423 3987 491 4057 quis
513 3979 548 4045 sit
564 3978 735 4058 misellus,
755 3981 827 4046 haet·
840 3983 899 4044 tria
915 3980 1069 4042 sufficiunt
1091 3999 1126 4042 ac
1162 3984 1301 4045 revocari
1322 3977 1418 4058 potest
1431 4024 1442 4060 ,
1457 3982 1529 4045 dum
1549 3981 1634 4047 nulla
1657 3924 1707 4051 sex
1726 3981 1852 4123 imfttsit
1869 3977 1927 4047 seu-

365 4064 563 4136 requiruntur
583 4062 620 4124 ad
637 4060 748 4125 statum
764 4055 951 4137 perseslionis
967 4061 1126 4135 acquiren·
1160 4060 1348 4127 contradicit
1374 4081 1497 4129 mutare
1527 4063 1732 4137 propositum.
1774 4064 1859 4141 gitur
1880 4080 1921 4126 ex

327 4143 332 4154 “
366 4141 413 4203 dae
435 4140 637 4206 essentialiter
663 4141 911 4206 constituendum
971 4158 1007 4204 ut
1034 4139 1125 4204 docet
1163 4146 1246 4206 votis
1263 4142 1479 4207 tantummodo
1499 4141 1743 4208 substantialibus
1763 4141 1926 4208 observan-

208 4641 332 4768 ineis„

366 4219 423 4281 bac
447 4220 555 4284 eadem
585 4223 706 4285 ratione
734 4225 830 4285 etiarn
856 4220 894 4285 D.
919 4189 982 4284 sb.
1005 4219 1127 4285 Etenim
1162 4222 1190 4301 di
1208 4219 1318 4285 Cbrisli
1333 4218 1457 4287 consilia
1480 4222 1580 4287 baberi
1603 4223 1700 4301 potesl
1722 4218 1926 4287 immutabili·

364 4297 432 4361 baec
452 4301 511 4362 tria
541 4302 682 4375 quietant
701 4302 843 4365 totaliter
864 4302 1030 4365 humanum
1054 4319 1127 4380 cor,
1162 4319 1208 4366 tas
1234 4301 1326 4366 slatus
1349 4300 1504 4382 Religioso
1533 4307 1699 4369 necessaria
1724 4303 1755 4365 dt
1775 4299 1926 4367 essentia·

335 4401 339 4416 ¹
363 4397 404 4458 ne
425 4377 581 4443 affeslibus
599 4379 634 4444 dt
664 4375 906 4446 solicitudinibus
931 4382 1020 4446 biiius
1051 4387 1126 4445 vitae
1164 4383 1217 4460 lis,
1236 4402 1308 4446 cum
1328 4401 1380 4459 per
1396 4387 1458 4447 tria
1471 4382 1532 4468 pilla
1553 4401 1649 4463 vota,
1668 4387 1718 4462 qui
1742 4384 1808 4449 haec
1829 4379 1926 4461 prosi·

361 4479 382 4542 ,²
412 4456 480 4523 Deo
506 4458 713 4534 divertatur,
741 4461 821 4536 qiiod
852 4480 948 4537 nuper
973 4460 1126 4525 conversis
1163 4480 1272 4545 tetur,
1302 4481 1356 4542 per
1380 4476 1481 4528 totam
1501 4464 1603 4528 vitani
1635 4462 1832 4538 personaliter
1859 4463 1927 4527 Deo

364 4539 458 4602 valde
485 4537 668 4615 peroptabat
690 4538 849 4611 Apostolus
875 4560 902 4603 1.
929 4541 1069 4606 Corinth.
1093 4559 1122 4621 7.
1161 4544 1310 4622 obligetur
1334 4540 1458 4607 tendere
1478 4542 1516 4609 ad
1536 4540 1772 4623 perseslionem‚
1789 4541 1825 4610 dt
1846 4562 1926 4608 nuri·

363 4618 431 4681 Volo
447 4637 504 4682 vos
515 4619 577 4697 fine
590 4614 781 4697 solicitudine
795 4617 865 4702 effe.
893 4622 1048 4705 Rraeterea
1070 4621 1126 4685 hic
1162 4642 1253 4699 quani
1280 4618 1319 4686 ab
1338 4622 1420 4686 illius
1440 4622 1588 4701 obsequiis
1609 4625 1768 4702 recedere,
1797 4642 1860 4687 non
1880 4620 1926 4687 se·

363 4699 477 4776 triplici
494 4695 687 4764 observantia
699 4698 885 4792 ,ptbaritatis
904 4703 1036 4776 sciiiret,
1053 4722 1126 4777 pau·
1161 4725 1215 4767 cus
1241 4723 1276 4767 ac
1300 4705 1333 4764 in
1361 4701 1553 4768 Matrimonii
1584 4704 1689 4779 statu,
1717 4709 1768 4780 qui
1792 4723 1844 4782 per
1866 4703 1927 4774 hoc

362 4780 494 4858 peitatis
514 4775 576 4854 ,dt
591 4775 776 4843 obedientiae
798 4777 958 4854 perficitur
980 4780 1122 4846 holocau·
1163 4781 1359 4847 constituitur
1374 4831 1382 4859 ‚
1400 4785 1478 4860 quod
1498 4787 1641 4862 coniuges
1662 4781 1790 4850 uicissim
1808 4803 1861 4861 per
1877 4801 1925 4848 to·

363 4857 442 4921 sliim
464 4905 473 4935 ‚
499 4880 560 4937 quo
580 4861 644 4935 quis
672 4858 818 4924 totaliter
846 4858 937 4924 offert
964 4860 1062 4939 Deo,
1090 4878 1124 4927 ut
1164 4882 1230 4926 tam
1250 4867 1351 4927 vitam
1368 4862 1405 4926 ad
1420 4864 1606 4941 coniugalem
1629 4862 1806 4930 societatem
1823 4862 1925 4942 perso·

362 4934 516 5001 Chrislum
543 4934 740 5017 lucrifaciat,
773 4937 912 5015 quidquid
939 4939 1029 5005 liabet
1054 4963 1124 5005 crim
1165 4942 1278 5007 naliter
1305 4944 1494 5021 obligentur.
1515 4944 1718 5020 Qiamobrem
1742 4944 1926 5010 meritodo·

358 5015 483 5096 seipso,
502 5017 640 5095 niliilque
658 5017 708 5082 sibi
731 5022 908 5098 retinendo,
927 5035 964 5083 ut
981 5042 1049 5084 cum
1070 5041 1123 5084 ve·
1162 5042 1237 5087 cent
1257 5021 1417 5098 Doslnres‚
1437 5025 1580 5087 emittere
1602 5024 1748 5099 praedidla
1768 5041 1845 5092 vota
1865 5022 1928 5091 esse

358 5102 458 5162 ritate
486 5096 587 5163 dicere
614 5096 705 5180 possit
734 5120 805 5168 curii
828 5099 867 5166 D.
898 5102 1021 5167 Pctio:
1053 5105 1125 5192 Erre
1158 5102 1198 5168 de
1215 5100 1383 5170 subslaiitia
1404 5100 1500 5170 slatus
1521 5101 1685 5186 teiigrofi,
1707 5105 1742 5174 dt
1767 5105 1837 5174 ideo
1860 5104 1927 5178 iac

1128 5239 1132 5244 .
1810 5202 1887 5254 Vota
