4584 5992
538 553 609 630 140
829 522 1587 631 ‘Tyberissos

481 636 535 705 sit'
546 638 594 700 hic
613 622 810 697 ueinenstuel
825 643 895 688 curii
915 614 1104 694 Canonistis,
1120 614 1158 681 ad
1166 638 1239 694 quor
1281 622 1346 688 iius
1361 624 1393 687 in
1409 620 1540 688 Ecclesia
1556 622 1647 699 initi,
1667 617 1800 695 eoquod
1817 615 1883 687 iure
1898 626 1984 691 nullo
2001 631 2040 694 if.

485 717 636 790 remittit,
655 725 805 786 quatenus
829 704 1024 776 requiruntur
1046 697 1083 760 ad
1108 699 1237 788 necessa·
1281 707 1442 780 ritentur,
1469 701 1555 767 sicuti
1581 706 1635 764 cit.
1665 722 1729 776 cap.
1750 703 1825 764 Cum
1853 707 1976 782 Ecclefia
2002 710 2040 774 dc
2071 714 2073 718 ·

484 801 561 863 riam
581 786 790 857 Ministrorum
807 778 946 844 Ecclesiae
969 776 1237 869 sustentationem.
1281 783 1435 847 inmunis.
1451 781 1594 861 ecclesiast.
1617 783 1705 843 irrita
1724 777 1902 848 statuuntur
1926 786 2041 855 iudicia

524 874 702 938 Immunitas
724 862 845 938 localis,
865 880 931 936 quie
957 859 995 921 ab
1016 854 1163 930 aliquibus
1185 863 1242 919 iiii-
1280 860 1454 939 saeculari„
1476 862 1510 926 ἃ
1530 882 1568 924 ω
1584 863 1695 939 Μὴ,
1708 863 1777 935 qu„
1793 863 1939 930 cumhaec
1954 866 2041 930 Con·

486 956 618 1022 mnssal
636 947 826 1026 Esss‘fimm
846 939 1017 1030 appellatur
1025 980 1034 1012 i
1055 934 1088 1000 ὅ(
1111 932 1163 1016 sub
1183 934 1242 1014 sisa
1280 938 1401 1025 stitutio
1421 941 1457 1003 sir
1479 941 1633 1018 poenalis,
1654 960 1713 1003 non
1730 936 1775 1022 est„
1790 946 1982 1007 extendenda
2000 947 2040 1008 ad

483 1030 783 1111 comprehenduntur
810 1037 1009 1092 caemeteria,
1038 1013 1070 1077 ἃ
1093 1016 1153 1078 alia
1175 1017 1242 1078 loca
1280 1019 1364 1083 casus
1391 1042 1454 1082 non
1480 1024 1660 1098 expressos,
1687 1018 1851 1085 cuiusmodi
1874 1025 1943 1086 s'unr
1964 1046 2040 1087 con·

473 1114 567 1181 sacra
582 1103 627 1184 δέ
638 1101 802 1184 Religiosa,
821 1097 996 1165 consistitin
1007 1094 1119 1158 duobus
1133 1142 1141 1172 ,
1157 1096 1242 1159 vide·
1281 1101 1394 1162 trasius
1411 1104 1442 1160 in
1452 1097 1582 1163 Ecclesia
1605 1098 1695 1173 initi,
1714 1098 1747 1161 ac
1758 1100 1913 1167 hocnotat
1930 1102 2039 1168 Glos„

483 1196 555 1260 licet
577 1210 612 1255 ut
630 1185 710 1253 assus
731 1179 874 1261 prophani
894 1175 927 1241 ὃ(
956 1174 1113 1238 saeculares
1136 1181 1166 1235 iii
1188 1175 1244 1237 Ec·
1281 1179 1381 1255 passim
1396 1198 1519 1256 recepta
1535 1180 1588 1244 cit.
1610 1184 1781 1253 capotiei
1795 1181 2036 1262 vcistroceffus.

481 1273 571 1341 clesia
594 1271 718 1336 minime
737 1253 1011 1348 exerceanturq&
1036 1250 1243 1317 malesasiores
1318 1258 1491 1335 Caetetum,
1518 1256 1614 1321 sistat
1636 1259 1862 1338 principaliter,
1881 1266 1973 1326 immo
1992 1264 2038 1325 dp.

386 1386 392 1389 ·
482 1354 520 1422 sd
538 1346 701 1415 Ecclesiam
715 1335 945 1417 confugientes,
964 1332 1074 1425 ibidem
1090 1332 1243 1426 invita&
1279 1359 1346 1402 cam
1368 1359 1456 1403 unice
1477 1338 1514 1403 ad
1544 1335 1789 1401 sarissaciendum
1814 1341 1965 1404 Fidelium
1986 1342 2039 1404 de.

482 1431 615 1498 mOfibUS
641 1434 861 1504 protegantur,
880 1434 977 1491 nsque
1001 1413 1154 1476 V¹018ssier
1174 1414 1242 1500 “lde
1280 1422 1420 1496 votioni,
1440 1416 1474 1482 dt
1504 1423 1628 1481 minime
1655 1418 1694 1480 ob
1713 1438 1751 1479 ne
1773 1427 1958 1483 otiationein
1974 1470 1983 1499 ,
2002 1421 2037 1486 &

481 1510 607 1579 extrahi
626 1503 754 1582 lloffissti
774 1499 851 1574 quod
875 1494 1057 1572 postremum
1072 1494 1184 1557 dicitur
1194 1511 1243 1556 iiis
1279 1497 1398 1562 lucrum
1417 1500 1617 1573 captandum,
1639 1517 1700 1559 non
1724 1439 1771 1559 eis
1794 1501 1937 1564 illicitum
1958 1522 2038 1565 vcu-

483 1591 574 1675 asyli,
593 1587 630 1652 de
649 1604 709 1663 (1¹10
729 1576 822 1643 fusius
843 1576 980 1638 dicetur.
1278 1579 1348 1640 dere
1368 1582 1399 1639 iri
1421 1576 1551 1641 Ecclesia
1571 1578 1731 1651 candelas,
1753 1596 1785 1641 ut
1803 1597 1889 1644 tenet
1919 1581 2034 1643 Summ.

523 1671 559 1735 ln
584 1667 686 1744 primis
709 1662 801 1739 igitur
825 1660 857 1719 in
880 1652 1047 1731 Ecclesiis,
1077 1671 1241 1727 earumque
1278 1657 1407 1734 Augei,
1433 1678 1503 1719 cum
1527 1656 1567 1720 ibi
1594 1657 1689 1717 solum
1708 1663 1810 1721 vetira
1834 1656 1868 1723 sit
1900 1665 2037 1737 negotia!

480 1748 664 1818 caemetetiis
686 1743 821 1805 vetitum
837 1734 880 1799 est
901 1754 1041 1821 exercere
1055 1732 1166 1796 iudicia
1188 1728 1238 1795 sae·
1279 1742 1344 1799 tio.
1368 1740 1518 1813 Quocirca
1540 1737 1627 1810 laici,
1656 1739 1706 1811 qui
1734 1739 1772 1798 ob
1793 1745 2038 1815 negotiationem

482 1832 600 1897 eulatia
624 1873 632 1902 ,
661 1818 736 1884 idest
765 1818 800 1883 ad
822 1812 921 1879 forum
948 1814 1091 1905 saeculare
1112 1809 1239 1906 speslan·
1280 1815 1640 1891 vendunt,&1ucrum,
1660 1812 2037 1883 slantcxttaEccleliam,

480 1914 547 1986 tia,
563 1924 599 1971 ut
620 1903 702 1969 assus
720 1905 898 1976 quicumque
915 1893 1063 1958 iudicialis
1081 1889 1143 1977 sive
1163 1913 1240 1956 civi·
1277 1895 1361 1958 Nam
1380 1894 1516 1957 Clitisius
1531 1895 1678 1957 Dominus
1696 1896 1772 1960 tales
1790 1900 1957 1962 vendentes
1973 1902 2038 1961 eie·

480 1993 517 2055 lis
538 1986 600 2053 sive
623 1980 814 2048 criminalis:
837 1973 1005 2051 processus,
1029 1970 1061 2036 δι
1091 1973 1240 2035 sententia
1277 1979 1320 2037 cit
1350 1994 1367 2038 e
1388 1974 1517 2048 Templo
1540 1998 1549 2052 ;
1576 1978 1645 2050 quia
1679 1995 1730 2049 per
1755 1976 1824 2040 ilios
1853 1979 1891 2041 ibi
1919 1978 2036 2042 fiebant

477 2072 511 2136 su
533 2090 567 2133 er
583 2062 683 2130 caussa
704 2059 838 2122 saeculari
856 2054 966 2147 ibidem
982 2052 1153 2143 lara-irrita
1170 2048 1238 2114 sunt
1277 2052 1378 2131 passa,
1401 2053 1435 2118 ἀ
1458 2052 1519 2117 alia
1541 2056 1660 2118 cultum
1688 2055 1824 2120 divinum
1856 2057 2036 2132 perturba„-

479 2093 542 2228 ipso
562 2150 653 2221 iure,
682 2135 849 2213 nulliusque
869 2134 998 2199 roboris.
1027 2131 1074 2194 Sic
1095 2128 1239 2194 statuitur
1276 2137 1343 2213 tia,
1361 2135 1440 2210 quod
1465 2154 1526 2198 non
1546 2140 1702 2213 contingit
1724 2141 1754 2199 in
1782 2136 1852 2201 casu
1880 2139 1978 2200 allato
1998 2137 2035 2202 de

374 2253 383 2266 ¹⁴
479 2250 544 2305 cap.
562 2233 650 2289 Decet
675 2227 700 2286 ξ.
718 2219 804 2299 finali
821 2214 856 2278 dr
875 2210 1062 2279 immunitate
1082 2212 1237 2290 Ecclcfiae·
1274 2213 1470 2279 candelarum
1495 2216 1674 2279 venditione
1703 2220 1907 2295 principaliter
1926 2235 1961 2279 ut
1981 2216 2036 2279 Fi·

479 2309 605 2372 Dicitur
633 2317 778 2364 notanter
808 2292 917 2386 iudicia
936 2290 1238 2385 secularisvslsllffij
1274 2294 1386 2359 delium
1406 2298 1564 2359 devotioni
1584 2293 1733 2375 satisfiat,
1753 2319 1807 2362 nec
1829 2300 1910 2362 secus
1927 2298 2035 2372 prolu-

480 2389 548 2455 dem
565 2384 673 2448 iudicia
693 2372 893 2464 ecclesiaslica
912 2373 1013 2437 valide
1032 2371 1065 2436 ἃ
1089 2371 1172 2434 licite
1197 2370 1236 2432 ibi
1273 2398 1344 2453 cto,
1363 2375 1480 2450 quodsi
1501 2376 1578 2455 fiat,
1596 2378 1687 2440 debet
1708 2381 1769 2444 elle
1795 2397 1907 2453 tenue,
1930 2375 1965 2442 dc
1992 2397 2033 2442 ex

479 2470 527 2548 agi
555 2463 677 2543 possunt
706 2480 766 2535 arg.
791 2456 919 2531 capitul.
937 2455 1005 2533 Qua
1014 2448 1115 2529 fronte
1132 2450 1169 2515 de
1185 2468 1234 2531 ap·
1272 2454 1397 2522 consilio
1415 2455 1548 2523 dandum
1565 2459 1761 2533 pauperibus.

474 2548 572 2631 pellar.
594 2534 916 2608 &itadocetGlosia
935 2535 1237 2621 commitoiterrecc·
1311 2537 1391 2601 item
1419 2542 1502 2604 intra
1539 2535 1702 2603 Ecclesiam
1734 2541 1785 2604 vel
1816 2538 2033 2605 Caemeterium

477 2646 533 2708 pta
552 2644 617 2706 cap.
638 2622 691 2683 cir·
709 2626 795 2683 Decri
812 2612 887 2683 vers.
904 2612 1095 2680 secularium
1119 2612 1158 2676 de
1181 2630 1236 2677 im·
1273 2622 1345 2692 poni
1368 2639 1430 2682 non
1449 2619 1560 2683 debent
1582 2616 1792 2697 supelleiiilie,
1813 2622 1861 2684 vel
1885 2616 2033 2693 Hospita·

476 2706 584 2775 munii.
605 2700 755 2782 Eislcssass.
961 2777 965 2788 ,
1273 2697 1336 2761 larii
1357 2700 1388 2762 in
1410 2699 1464 2763 illa
1489 2700 1588 2762 iacere
1605 2697 1656 2762 vel
1675 2703 1857 2775 convivari,
1888 2698 1940 2760 nili
1966 2717 2035 2771 pro-

516 2787 607 2850 Dicet
628 2778 730 2846 forsan
751 2777 878 2855 sli‘lssiss
903 2777 1015 2841 iudltia
1034 2772 1236 2842 ecclsfiastica
1275 2801 1341 2859 pter
1362 2780 1483 2844 hosiiles
1504 2779 1655 2855 incursus,
1676 2782 1790 2843 aliasve
1811 2776 2032 2856 necessitates,

476 2867 544 2933 fieri
575 2859 771 2942 prohibentur
798 2860 847 2923 die
876 2857 977 2933 sesto,
1003 2877 1066 2920 non
1092 2852 1176 2920 secus
1201 2879 1235 2922 ac
1271 2862 1376 2940 quibus
1397 2860 1581 2923 cellentibus
1602 2858 1639 2922 ad
1657 2859 1856 2933 pristinaloca
1875 2876 2033 2933 reporten-

477 2944 655 3020 saecul²¹i²i
676 2945 768 3020 igitur
794 2957 951 3015 utraque,
973 2937 1082 2999 indicis
1113 2936 1236 3001 saeculi·
1271 2961 1345 3020 tur;
1368 2942 1442 3004 alias
1463 2943 1494 3000 in
1522 2939 1578 3002 hoc
1597 2932 1667 3001 casu
1687 2939 1721 3004 dc
1742 2944 1772 3002 in
1795 2941 1886 3014 priori
1910 2939 2034 3002 videtur

477 3031 524 3091 ria
545 3024 659 3087 scilicet
670 3018 930 3094 &ecclesiastica,
946 3020 1049 3081 vetita
1065 3012 1134 3080 sunt
1146 3038 1234 3081 exer·
1272 3024 1402 3087 mortale
1423 3040 1483 3098 arg.
1503 3040 1567 3095 cap.
1578 3019 1746 3083 oratorium
1762 3018 1826 3082 disi.
1838 3017 2031 3100 42.Sylvest.

477 3107 538 3172 teri
560 3106 590 3165 in
613 3103 682 3166 loco
698 3097 801 3164 sacto.
826 3098 912 3174 Relp.
934 3094 1037 3162 salsam
1056 3096 1117 3161 elie
1133 3094 1236 3162 conse·
1271 3106 1414 3170 Azotius.

477 3186 662 3262 quentiam;
692 3184 765 3257 quia
793 3202 840 3244 res
864 3178 954 3242 valde
982 3177 1051 3242 sunt
1076 3175 1235 3253 dispares.-
1276 3230 1279 3235 .
1312 3186 1384 3247 Non
1400 3180 1611 3247 convertenda
1633 3180 1746 3258 pariter
1766 3177 1896 3243 Ecclesia
1926 3182 1956 3240 in
1979 3179 2034 3245 iz.

478 3266 560 3330 Nam
575 3281 681 3339 wille,
700 3265 792 3322 immo
813 3260 877 3337 9¹⁰⁵
898 3260 1002 3335 dccet,
1024 3275 1059 3322 ⁰²
1076 3256 1186 3322 Clefssti
1205 3262 1235 3321 in
1270 3265 1374 3330 tulare
1400 3261 1608 3327 babitaculum
1626 3311 1635 3340 ,
1655 3278 1709 3324 ant
1734 3258 1817 3323 usum
1842 3257 2034 3323 saecularium

477 3342 642 3409 forensibus
663 3338 773 3406 ailibus
790 3360 851 3403 non
868 3357 1057 3415 occupentur
1075 3336 1177 3402 diebus
1192 3335 1236 3403 fe·
1271 3345 1309 3410 de
1337 3342 1456 3421 consecr.
1479 3341 1543 3406 dist.
1578 3362 1605 3406 1,
1627 3342 1712 3406 sicut
1733 3344 1827 3403 etiam
1849 3340 1949 3401 multo
1977 3342 2035 3403 mi.

477 3424 546 3501 stili
567 3444 601 3487 ²0
618 3423 703 3486 laici·
725 3419 841 3483 vestim
859 3418 1009 3496 ¹Olllls³¹¹d⁰
1025 3418 1061 3483 de
1079 3418 1163 3493 ¹0⁶0,
1181 3418 1235 3483 Ec·
1271 3446 1326 3488 nus
1346 3423 1412 3489 ficri
1437 3423 1559 3500 possunt
1584 3426 1616 3484 in
1639 3417 1788 3497 Ecclesia,
1808 3419 2001 3483 Caemeieriis
2023 3466 2035 3497 ,

476 3503 564 3570 clesia
587 3501 904 3642 praelumereKctuit,
924 3501 1035 3565 iudicia
1060 3496 1236 3564 ecclesiasti·
1271 3504 1393 3582 aliisque
1413 3501 1502 3568 sacris
1523 3504 1597 3568 locis
1620 3503 1679 3565 ludi
1701 3501 1870 3563 theatrales
1893 3519 2032 3576 ,repiae·

475 3605 510 3650 ca
538 3605 607 3647 cum
633 3583 744 3646 minori
801 3581 929 3658 repitu,
955 3582 1128 3657 minorique
1156 3596 1235 3645 tem·
1270 3584 1455 3650 sentationes
1477 3586 1603 3647 scenicae
1630 3584 1679 3644 seu
1706 3580 1873 3644 Comoedia:
1902 3580 2035 3656 propha-

473 3682 547 3741 pore
563 3661 749 3737 expedienda
766 3653 848 3736 sore,
862 3680 955 3736 quam
971 3658 1145 3738 saecularia,
1165 3679 1236 3723 nec·
1271 3687 1319 3730 nae
1336 3688 1405 3731 cum
1422 3662 1565 3729 larvis&
1587 3662 1728 3723 similibus
1751 3658 1912 3723 inhonestis
1931 3707 1940 3735 ,
1964 3678 2034 3733 quar.

474 3764 539 3807 non
573 3739 704 3827 Iudicem
736 3739 969 3805 ecclesiasticum
1005 3741 1105 3805 multo
1139 3747 1234 3819 magis
1269 3743 1460 3809 sanslitatem
1483 3744 1542 3807 loci
1563 3743 1695 3805 maxime
1715 3741 1859 3803 dedecent
1879 3788 1887 3815 ,
1907 3760 1942 3802 ac
1963 3759 2035 3814 pro·

479 3844 570 3900 quani
589 3821 765 3886 saecularem
785 3838 980 3897 curaturum,
996 3839 1031 3885 ut
1048 3823 1150 3885 omnia
1171 3820 1234 3886 sine
1271 3825 1338 3888 inde
1356 3828 1475 3900 penitus
1493 3827 1523 3884 in
1542 3820 1694 3896 Ecclesia,
1714 3819 1858 3896 sacrisque
1875 3822 1948 3883 locis
1965 3816 2032 3881 sieri

402 3944 405 3950 ·
474 3904 677 3968 irreverentia
708 3901 766 3965 loci
800 3899 874 3965 sacri
915 3918 1127 4044 peraffantur.
1160 3900 1233 3967 Non
1271 3905 1485 3983 prohibentur,
1506 3924 1567 3966 non
1587 3900 1726 3966 obstante
1747 3920 1937 3976 quacumque
1958 3918 2037 3962 con·

475 3982 573 4062 potcsl
600 4000 705 4044 tamen
731 3985 855 4060 negari,
873 3983 967 4058 magis
1002 4001 1088 4044 ecens
1104 3980 1183 4059 esse,
1199 4000 1234 4046 ut
1270 3991 1366 4049 traria
1383 3982 1599 4048 consuetudine
1614 4030 1623 4058 ,
1641 4002 1725 4058 quae,
1754 3980 1775 4043 si
1796 3997 1936 4049 extaret,
1957 3980 2033 4042 esiet

477 4059 675 4129 ecclesiastica
700 4080 818 4138 quoque
841 4062 953 4125 iudicia
976 4063 1101 4123 mininie
1121 4063 1153 4124 in
1178 4062 1232 4126 Ec·
1269 4069 1401 4132 maxima
1417 4064 1591 4137 corruptela
1607 4110 1615 4139 ,
1633 4084 1658 4125 c.
1680 4066 1755 4127 sum
1776 4063 1906 4125 decorem
1927 4061 1962 4123 de
1983 4056 2034 4121 vi·

474 4141 591 4216 etesia,
624 4162 694 4217 quae
720 4143 802 4205 locus
826 4138 868 4203 est
896 4140 1075 4216 orationis,
1109 4161 1171 4206 non
1197 4145 1232 4204 si·
1269 4158 1301 4211 ia
1321 4144 1478 4227 &hones
1495 4144 1628 4209 clericor.
1645 4145 1765 4206 Pollent
1785 4161 1889 4205 tamen
1906 4140 1943 4202 ibi
1962 4137 2034 4201 fieri

474 4224 555 4287 tium
589 4241 624 4284 ac
648 4225 832 4311 iurgiorum,
853 4217 900 4283 sed
922 4220 1064 4284 indomo
1085 4216 1135 4285 seu
1162 4222 1232 4300 Epi·
1270 4230 1327 4304 piae
1348 4226 1381 4293 ἀ
1405 4221 1538 4290 honestae
1568 4224 1854 4300 repraesentationes
1881 4221 1918 4283 ad
1938 4231 2032 4283 devo·

473 4301 582 4379 scopuli
602 4302 740 4380 palatio,
766 4320 821 4365 aut
839 4300 900 4365 alio
923 4304 1111 4377 competenti
1139 4300 1233 4381 loco,
1271 4312 1387 4373 tionem
1404 4307 1575 4381 ducentes,
1596 4320 1630 4367 ut
1657 4302 1871 4379 representare
1895 4297 2032 4375 Piaesepe

471 4396 671 4459 peragantur.
1269 4385 1410 4462 Domini,
1431 4385 1585 4448 Herodem
1607 4405 1657 4459 per
1678 4382 1882 4447 liinoccntum
1904 4383 2033 4452 litatem

510 4460 633 4537 insuper
651 4461 751 4555 multo
774 4461 866 4540 magis
894 4457 1035 4527 indecens
1059 4459 1121 4542 est,
1137 4464 1171 4530 dc
1192 4465 1234 4530 id·
1270 4466 1496 4546 persequentem
1507 4482 1612 4528 natum
1623 4457 2036 4542 Dominuni,Magosipsum

469 4544 555 4608 circo
571 4561 708 4620 graviter
730 4545 865 4605 vetitum
885 4538 1079 4620 contradus,
1094 4548 1231 4623 negotia·
1271 4565 1474 4623 venerantes,
1490 4544 1524 4610 &
1542 4543 1710 4609 huiusmodi
1732 4546 1811 4623 alia,
1833 4566 1894 4621 arg.
1913 4545 1950 4606 de
1967 4563 2035 4605 con·

470 4620 637 4716 tionesque·
652 4625 681 4686 in
708 4618 857 4697 Ecclesia,
877 4623 1083 4712 cemeterio,
1107 4625 1233 4701 aliisque
1264 4630 1340 4711 seir.
1362 4627 1428 4692 dish
1446 4646 1474 4687 a.
1491 4627 1587 4691 Semel
1603 4625 1635 4690 dr
1654 4626 1718 4688 dili.
1741 4648 1768 4704 4.
1791 4625 1898 4703 queris
1915 4626 1996 4702 quast
2005 4643 2037 4683 in

470 4702 546 4765 locis
565 4700 654 4765 sacris
671 4702 1065 4775 exercere,nundinalque
1093 4704 1231 4771 institue·
1269 4709 1356 4773 fine.
1384 4706 1514 4790 Sylvell.
1543 4708 1674 4771 Azoii'us
1703 4708 1878 4769 Concilium
1908 4713 2038 4767 tandem

466 4801 516 4858 rc,
537 4798 592 4845 aut
608 4778 666 4845 fori
684 4783 895 4855 cuiuscumque
913 4781 1086 4873 tumultus,
1099 4786 1232 4851 uthabe·
1271 4789 1355 4851 Trid.
1377 4788 1438 4849 s'cll'.
1462 4806 1509 4848 aa.
1531 4791 1562 4848 in
1584 4787 1720 4851 Decreto
1741 4788 1776 4849 de
1797 4786 1987 4868 observandis
2004 4803 2038 4848 ac

469 4879 521 4927 tur
542 4862 669 4925 laudato
688 4883 749 4937 cap.
769 4866 857 4953 Decri
886 4860 921 4923 de
941 4866 1096 4927 Immanis.
1127 4866 1231 4932 Eccle·
1271 4867 1408 4932 vitandis
1430 4867 1462 4931 in
1492 4865 1676 4932 celebratione
1703 4867 1825 4946 Miffae,
1850 4868 1979 4945 slaiuit,
2000 4882 2037 4928 ut

469 4939 546 5036 stasi-
564 4940 597 5007 dc
613 4940 656 5003 est
676 4960 845 5033 communis
864 4960 904 5002 ex
926 4939 1039 5031 *Christi
1067 4951 1206 5024 exemplo
1224 5003 1232 5029 ,
1271 4952 1406 5012 locorum
1424 4950 1577 5013 Ordinarii
1597 4948 1633 5011 ab
1649 4948 1789 5012 Eccleliis
1816 4948 1946 5013 Musicae
1964 4963 2016 5010 eas*
2027 4992 2037 5021 ,

469 5018 710 5115 qui-euTemplo
724 5036 815 5084 eiecit
826 5038 1035 5115 negotiarores
1051 5026 1229 5096 Mittebat.
1270 5030 1318 5093 tibi
1348 5027 1411 5093 sive
1439 5051 1574 5107 organo,
1595 5027 1658 5092 sire
1678 5046 1774 5093 cantu
1804 5034 1952 5093 lalcivum
1982 5042 2037 5090 aut

467 5097 567 5167 vindi
583 5096 784 5180 tamensuut,
803 5118 943 5178 quamvis
962 5100 1087 5189 illiciti,
1104 5127 1231 5182 contra·
1268 5111 1420 5192 impurum
1439 5110 1550 5190 aliquid
1566 5107 1729 5187 miscetur,
1751 5111 2039 5178 itemsaecularcsor

515 5227 520 5233 ·
546 5223 554 5236 ·
1911 5209 1998 5257 mnes
