4584 5992
274 585 279 596 .
332 617 335 622 .
642 517 927 596 usdrusu
978 521 1293 598 acri-e-ioso
1328 513 1445 598 Car·
1480 518 1511 598 1.
1729 528 1806 628 199'

299 531 576 707 diversosdrrores
593 615 790 695 inducerent,
804 620 857 697 qui
875 639 994 685 errores
1010 621 1062 685 da·
1095 624 1231 701 proprias
1254 641 1290 686 ae
1309 619 1463 701 separatas
1482 621 1583 701 sedes,
1602 619 1758 702 inquibus
1784 647 1852 694 rena

302 701 401 764 nnari
421 693 510 764 suere
531 703 561 761 in
575 698 725 763 Clemenr.
741 700 802 770 Ad
817 701 926 780 iiossras
944 702 983 765 ae
999 700 1061 765 be·
1095 701 1287 770 doniestirsm
1319 700 1554 781 administrant,
1572 700 1726 784 mensam,
1750 704 1783 771 su

298 774 441 844 sericis&
453 778 945 859 inclementcaiadeqaidusdaar
957 780 1061 853 delir-
1095 781 1247 863 ledlilem,
1262 800 1420 860 totamque
1439 782 1631 847 domesticam
1650 731 1854 870 aeconomlanp

300 857 396 941 ligofis
415 856 611 925 domilussub
631 860 1062 930 nomineConriliiViennen·
1094 883 1152 1006 pro
1169 861 1222 929 suo
1242 864 1369 929 arbitrio
1385 861 1694 941 instituentes,quasr
1715 867 1773 934 laic
1815 863 1851 932 dt
1948 891 1952 906 ··

298 938 489 1003 fis.'Verum
507 961 577 1005 eum
596 943 691 1004 etiam
707 941 851 1020 Beghinae
870 943 1000 1006 aliorum
1016 944 1062 1007 lo·
1107 945 1252 1009 acularcs
1269 939 1535 1010 matresfamilias.
1550 964 1579 1024 4
1597 943 1775 1022 Clausorum
1817 967 1851 1010 o·

298 1037 408 1084 rorum
427 1018 600 1085 incidissent
617 1020 649 1083 in
672 1017 870 1096 suspicionem
885 1020 1062 1086 horumcri·
1094 1022 1225 1090 nialium
1245 1039 1307 1087 non
1323 1020 1473 1100 servant,
1492 1021 1538 1088 sed
1555 1021 1648 1087 iibere
1664 1027 1801 1105 exeunt,
1815 1025 1849 1091 dr

1805 705 1863 772 el·..

221 1161 237 1180 „
296 1100 446 1177 minum,
475 1100 604 1166 loannes
638 1097 739 1164 XXII.
773 1102 967 1178 immediatus
993 1097 1059 1167 (ile-
1095 1121 1150 1181 per
1170 1103 1335 1170 civitatem
1355 1099 1407 1170 ssa
1432 1107 1556 1182 negotia
1575 1101 1610 1169 dr
1629 1121 1695 1168 rem
1718 1102 1857 1170 sumina·-
1979 1137 1982 1142 ·

218 1185 221 1190 '
296 1177 413 1242 meutis'
430 1180 468 1239 V.
500 1176 584 1258 (sub
607 1199 668 1258 quo
687 1179 862 1243 Concilium
888 1179 1061 1246 viennense
1094 1204 1160 1247 rem
1180 1198 1368 1264 procurant,
1387 1179 1642 1262 consanguineos,
1662 1179 1852 1264 familiares,

296 1256 484 1326 celebratum
502 1256 601 1328 luerat
621 1260 635 1338 )
655 1256 820 1333 successor,
844 1261 946 1327 habita
968 1258 1060 1326 insor·
1094 1260 1209 1327 aliosve
1238 1260 1391 1338 invisunt,
1419 1261 1474 1326 nisi
1503 1263 1584 1342 quod
1615 1266 1707 1328 certis
1737 1265 1854 1345 legibus

295 1338 629 1419 natione-,segnium
655 1344 687 1402 iii
707 1340 774 1404 aliis
795 1339 981 1419 Regionilsus
1007 1344 1061 1406 de·
1092 1342 1189 1418 quoad
1210 1331 1327 1416 dies&
1354 1342 1463 1418 horas,
1489 1342 1619 1406 exeundi
1649 1343 1682 1412 dr
1706 1344 1850 1424 redeundi

218 1429 223 1446 ¹
280 1419 425 1563 'lim'
444 1421 619 1486 nullatenus
640 1418 702 1485 elie
720 1419 867 1497 suspedlas
895 1422 931 1485 de
952 1423 1060 1499 prndi-
1092 1421 1220 1486 libertas
1235 1438 1289 1498 per
1303 1420 1511 1486 ordinationes
1525 1419 1686 1489 dr-liar'ura
1702 1423 1733 1488 in
1745 1421 1852 1503 pleris-

228 1557 232 1564 .
327 1501 351 1563 is
367 1502 541 1581 erroribus,
560 1503 649 1566 editis
675 1502 773 1566 literis
787 1503 979 1579 declaravit,
1004 1502 1059 1568 has
1092 1522 1151 1577 que
1175 1500 1299 1576 iliarum
1327 1500 1465 1566 domibus
1491 1501 1627 1566 nonnihil
1655 1503 1791 1570 limitata
1814 1503 1853 1576 &-
1876 1551 1894 1582 .,

294 1577 348 1643 sub
373 1580 578 1672 prohibitique¹
601 1603 653 1645 aur
681 1580 848 1647 abolitione
875 1601 937 1646 non
958 1585 1059 1649 conti*
1091 1579 1225 1646 relltiiia
1249 1580 1305 1647 sit·
1333 1599 1364 1660 ς.
1393 1581 1520 1646 Nullam
1539 1600 1656 1646 certam
1674 1585 1852 1662 regulama

1935 1535 1995 1582 ,Α

1964 1601 1993 1646 -s

294 1662 1059 1742 riari,iniungend00rdinariislocorum,uteas
1089 1662 1166 1728 Sede
1181 1661 1357 1739 Apostolica
1372 1660 1572 1740 approbatam
1609 1660 1797 1743 minentur,
1894 1693 1900 1708 ·

293 1733 347 1804 siro
367 1738 538 1823 huiusmodi
553 1755 708 1822 praetextu
727 1742 903 1829 nullatenus
918 1739 1058 1809 molesia·
1089 1762 1131 1806 eit
1158 1741 1215 1807 boc
1243 1745 1366 1820 capite,
1394 1745 1484 1808 iuxts
1506 1741 1688 1806 deciionrm
1715 1741 1850 1810 Concilir
1936 1745 1947 1770 ⁶
1971 1749 1989 1772 '·

294 1819 537 1898 alpermirta'nt.
646 1845 657 1898 χ
871 1841 879 1856 ·
1020 1855 1023 1860 ·
1089 1820 1231 1903 Lugduni
1257 1844 1323 1900 cap.
1356 1841 1383 1884 r.
1402 1821 1438 1888 dt
1460 1817 1601 1902 'Religiosi
1621 1819 1728 1885 dumis.
1760 1834 1793 1892 in
1814 1815 1850 1898 62,

296 1909 300 1916 '
336 1902 456 1968 Norma
480 1902 607 1969 vivendi
636 1900 861 1983 Bsghinarum,
885 1902 937 1990 seu
965 1903 1057 1984 vulgo
1089 1922 1199 1967 earum
1228 1900 1427 1980 lidiitutum,
1455 1900 1540 1966 Ordo
1568 1901 1618 1966 vel
1641 1900 1737 1968 slatus
1764 1904 1853 1974 Relis

333 1981 487 2056 onialium
514 1983 775 2061 Tertianarum,
808 2005 972 2061 earumque
1000 1983 1053 2050 lio⁴
1087 1983 1186 2061 piusus
1206 1983 1263 2046 dici
1286 1984 1413 2059 nequit.
1435 1981 1645 2058 Nihilominus
1665 1999 1771 2048 tamen
1796 2001 1847 2065 rap

296 2058 434 2142 diernurn'
465 2059 670 2141 Inslitut'um,
696 2067 828 2129 mixtum
858 2087 895 2129 ac
924 2064 1074 2129 medium.
1089 2062 1282 2127 lis-vivendi
1308 2067 1393 2128 ratio
1415 2061 1454 2128 ab
1476 2060 1669 2138 Ecclesia&
1700 2064 1849 2142 Romanis

296 2133 519 2236 Quodammodo
538 2143 582 2209 esl
603 2147 684 2208 inter
704 2145 854 2223 Regulare
868 2146 909 2210 ’δι
930 2141 1054 2211 saec'ula·
1087 2141 1282 2209 Pontificibus
1298 2142 1310 2219 (
1325 2141 1457 2218 quiillis
1474 2143 1649 2219 iampridem
1665 2142 1763 2208 multa
1785 2148 1849 2224 prip

242 2289 253 2294 ,
295 2237 334 2285 re
356 2220 418 2287 sive
442 2224 568 2308 laicum:
592 2223 675 2289 Nam
695 2245 719 2287 r.
743 2224 841 2289 velles
858 2222 894 2291 dd
914 2225 1056 2290 habitum
1088 2225 1198 2301 rilegia
1225 2238 1264 2287 ac
1290 2225 1500 2288 immunitates
1529 2223 1737 2287 concesserunt
1758 2226 1770 2302 )
1790 2225 1847 2299 liii·¹

294 2298 443 2380 'deferunt
470 2302 596 2380 planca
626 2305 733 2370 laicali
758 2305 935 2385 diversum,
960 2323 1053 2384 atque
1085 2302 1178 2367 betur
1205 2320 1362 2379 tamquam
1382 2303 1539 2368 laudabilis
1557 2302 1592 2368 dc
1613 2293 1753 2367 hodierius
1774 2325 1846 2382 pto·

223 2455 226 2460 ¹
296 2379 452 2462 Religiolo
470 2382 594 2450 veslitui
615 2381 821 2463 conformem,
836 2385 871 2453 dr
886 2384 985 2455 solent
1005 2389 1052 2449 uti
1087 2381 1180 2459 bata,
1201 2385 1301 2446 itaut
1323 2374 1502 2447 lnllitusum
1519 2382 1779 2462 illudsequentes,
1800 2382 1851 2454 sa·

293 2461 381 2526 'velle
410 2463 551 2541 Ordinis,
579 2462 746 2531 subruitis
771 2465 971 2544 devotione,
999 2464 1052 2530 vei
1087 2465 1186 2526 iurem
1216 2458 1299 2530 suam
1326 2480 1444 2537 queant
1469 2465 1614 2539 operari.
1646 2460 1738 2527 Unde
1771 2466 1846 2540 licet
1925 2475 1967 2496 ·“

293 2547 392 2616 etiam
408 2543 573 2608 direflione
592 2542 853 2626 instituta-imi,
874 2565 950 2623 puta
969 2545 1052 2611 colo·
1085 2541 1233 2618 susceptio
1262 2540 1381 2607 habitus
1416 2533 1645 2612 Tertianarum
1673 2541 1708 2606 dt
1738 2562 1845 2609 earrmr

293 2625 337 2688 ris
362 2619 584 2702 franciscani,
612 2625 815 2691 carmelitani
842 2625 932 2703 dem,
960 2639 1052 2702 atque
1086 2618 1224 2699 professio
1246 2642 1311 2685 non
1335 2617 1449 2686 efficiat
1469 2641 1523 2684 eas
1547 2641 1638 2690 veras
1659 2620 1844 2703 Religiosiss,

288 2703 403 2778 eapitis
420 2699 598 2792 >piamento
618 2709 667 2769 uti
687 2704 781 2768 instar
796 2705 998 2772 Monialiumi
1020 2715 1049 2766 a'.
1086 2702 1123 2764 ad
1144 2700 1257 2766 ilatum
1281 2720 1387 2766 tamen
1411 2699 1646 2768 ecclesiasticum
1667 2706 1844 2779 pertinente

292 2777 513 2864 Proselssdnem
547 2783 697 2861 aliquam,
719 2794 888 2860 votumque
902 2781 1051 2849 castitatis
1085 2776 1267 2859 Van-Espen
1297 2797 1377 2858 part.
1394 2794 1422 2845 r.
1440 2782 1492 2845 tit·
1506 2795 1562 2922 ἐς.
1834 2799 1842 2832 ··

337 2859 542 2940 {obedientiae
572 2860 678 2928 saltem
705 2879 958 2941 temporaneum,
987 2868 1050 2929 ritu
1125 2864 1241 2927 Praeter
1259 2859 1489 2927 Canonilsas&
1534 2860 1677 2940 eguinas,
1703 2853 1845 2928 suntet·

292 2948 322 3002 e'
348 2937 392 3001 'm
416 2939 545 3017 quodam
566 2941 711 3019 solemni,
738 2943 789 3008 sub
814 2939 943 3008 formula
963 2940 1049 3022 supra
1085 2944 1144 3005 iam
1173 2942 1335 3007 miilierum
1359 2941 1618 3020 congregationes
1640 2936 1844 3018 collegialitea

291 3019 393 3083 relata
410 3017 502 3083 inllar
518 3021 703 3086 Monialium
711 3023 880 3087 emittunt.
902 3027 931 3102 3³
942 3021 1048 3099 Quasi·
1084 3021 1326 3100 viventium,ad
1342 3016 1688 3100 inllarReligiosotum,
1707 3042 1778 3084 cum
1793 3020 1843 3098 sup

289 3095 333 3163 'do
346 3093 419 3161 §ison
449 3098 622 3164 subiaceant
641 3098 945 3169 diredlionialicuius
964 3103 1047 3167 Reli·
1083 3101 1113 3166 la
1133 3101 1314 3179 professione
1335 3114 1480 3167 votorum
1496 3100 1693 3178 simplicium,
1713 3100 1842 3166 utcon-
1888 3166 1890 3170 ,

288 3161 367 3256 {ioli
386 3176 531 3256 Ordinis,
552 3180 682 3257 leges&
704 3180 910 3246 ordinationes
936 3186 1045 3247 viven·
1080 3187 1219 3262 gregario
1240 3183 1452 3259 Dtmllsarum,
1473 3180 1650 3247 inllitutaa
1673 3178 1783 3246 Vener.
1808 3181 1841 3254 Ρ.

292 3261 342 3333 di,-
362 3277 425 3321 non
450 3253 531 3320 secus
554 3279 588 3323 ac
612 3257 782 3333 Miuulec,
810 3263 847 3326 ab
874 3261 1047 3335 Ordinariis
1080 3263 1225 3328 Antonio
1241 3266 1364 3342 Pagano
1378 3261 1571 3328 Francilcani
1587 3262 1714 3326 Ordinis
1730 3262 1767 3324 de
1776 3259 1842 3324 oi»

292 3339 466 3414 recipiunt,
494 3355 586 3415 atque
612 3359 718 3408 eorum
739 3333 928 3418 visitationi,
960 3363 1046 3418 eque
1081 3340 1236 3407 servantia
1264 3349 1297 3406 iu
1324 3342 1704 3415 Civitate.Vincentiae,
1737 3338 1841 3416 pellea

293 3433 329 3481 ac
350 3415 524 3496 Moniales,
543 3416 717 3497 lubiarentp
738 3423 907 3486 Parochum
927 3441 1046 3499 quoque
1080 3440 1244 3502 propagata
1266 3427 1298 3484 in
1320 3417 1464 3484 Muiiano
1492 3439 1584 3496 prope
1613 3421 1779 3494 Venetiae,
1804 3417 1847 3491 ὰ

269 3499 444 3640 isontium
465 3518 501 3562 ut
523 3499 682 3574 plurimum
704 3502 835 3576 habent,
855 3505 941 3566 euius
969 3501 1045 3565 dire·
1081 3505 1218 3567 Patavii.
1241 3501 1320 3565 item
1329 3501 1533 3577 Congregatio
1548 3494 1840 3572 Ursolinarunafunf

239 3641 242 3646 .
320 3579 384 3642 ioni
402 3583 541 3642 ac'eurae
571 3578 755 3646 subduntur.
777 3580 950 3647 Fatendum
971 3581 1045 3644 nihi·
1081 3585 1152 3645 data
1173 3602 1190 3643 a
1210 3579 1246 3645 B.
1276 3580 1395 3664 Angeia
1423 3580 1460 3643 de
1491 3577 1690 3656 Desenaano,
1716 3577 1840 3657 Oppida

290 3652 441 3734 lominus,
463 3660 559 3726 etiam
579 3659 757 3725 modernum
775 3660 980 3743 Beghinarum
996 3658 1046 3726 seu
1081 3665 1167 3725 intra
1186 3661 1342 3725 Veronam
1364 3658 1398 3723 dr
1420 3660 1575 3737 Brixiam,
1594 3658 1744 3738 Religiosa
1763 3660 1839 3731 Pro·
1889 3685 1900 3702 s

287 3731 524 3801 ³reiriaiiarum
553 3741 679 3805 vivendi
708 3762 820 3819 genus,
840 3747 871 3805 in
899 3741 1005 3805 multis
1028 3764 1045 3806 a
1080 3739 1153 3806 sessa
1176 3740 1279 3806 Tertii
1299 3740 1423 3804 Ordinis
1443 3740 1473 3802 S.
1493 3738 1666 3816 Francisci,
1690 3736 1838 3816 approbari

319 3813 448 3893 elipioso
476 3817 658 3884 Monialium
681 3813 830 3886 Inllituto
858 3822 1042 3898 discrepare.
1080 3839 1113 3888 ta
1131 3844 1149 3886 a
1165 3819 1314 3900 Gregorio
1332 3818 1419 3886 xlii.
1436 3839 1519 3884 anno
1536 3839 1622 3899 ¹57²·
1638 3819 1689 3884 die
1708 3818 1837 3899 salso·

290 3895 319 3959 ai
349 3895 482 3962 Nullum
508 3916 630 3964 »votum
661 3889 831 3981 Religionis
867 3918 1044 3977 perpetuum
1079 3903 1179 3966 vemb.
1200 3922 1253 3978 pro
1272 3900 1590 3978 utiaConeregatione
1612 3904 1643 3964 P.
1660 3895 1860 3964 Franciseus'

278 3977 457 4053 emittunt,
483 3974 532 4042 sed
554 3990 679 4044 tantum
707 4000 937 4058 temporaneum
957 3976 1045 4046 easti-
1078 3978 1225 4060 Gonzaga
1236 4026 1245 4058 ,
1261 3975 1395 4044 minister
1410 3978 1491 4043 Gen.
1509 3982 1605 4044 torius
1622 3980 1766 4054 Ordinis,
1782 3976 1837 4038 va·¹

268 4057 365 4135 ‚tatis
379 4055 414 4123 dt
430 4053 634 4139 obedientiae,
655 4078 721 4126 non.
731 4061 847 4126 diutius
862 4059 1044 4139 adilringens
1079 4067 1139 4126 rias
1163 4063 1343 4139 compilavit
1363 4057 1631 4138 constitutiones,
1658 4058 1710 4122 sub
1730 4056 1836 4130 quibus
1863 4067 1865 4072 '

262 4137 470 4225 'uuaniplae
487 4141 875 4219 manerevellint,itaut
896 4140 1045 4207 omnino
1079 4138 1176 4206 adliuc
1204 4146 1319 4204 vivunt
1349 4160 1421 4203 cum
1454 4135 1552 4217 Regul
1600 4158 1620 4204 a
1650 4137 1686 4202 B.
1717 4136 1837 4215 Angeia

288 4229 322 4280 ta
342 4217 440 4283 libere
454 4223 557 4297 exite,
583 4218 616 4285 dr
632 4221 670 4285 ab
683 4227 766 4286 omni
789 4239 867 4287 voto
887 4222 917 4287 se
932 4225 1042 4286 exime·
1078 4222 1263 4300 compilata,
1290 4221 1324 4285 dr
1353 4241 1377 4304 a
1394 4157 1743 4380 Baulofapprobata
1763 4260 1772 4279 ·
1802 4218 1835 4282 P·

280 4307 339 4380 ste,
359 4309 396 4363 dc
415 4299 651 4366 Matrimonium
667 4302 851 4369 contrahere
867 4301 993 4378 possint.
1015 4315 1042 4363 a.
1079 4303 1199 4367 Ferrari‘
1219 4304 1250 4364 in
1270 4300 1322 4365 sua
1341 4291 1477 4363 Biblines.
1521 4298 1586 4365 erb-
1603 4302 1699 4379 Relig.
1729 4297 1834 4378 Regiis·

287 4375 420 4446 Nullum
439 4382 646 4458 paupertatis,
665 4400 705 4447 ne
723 4400 960 4460 temporaneum·
976 4386 1044 4470 pui-
1080 4403 1139 4447 arra
1159 4402 1187 4460 5.

287 4458 376 4536 dena,
392 4475 503 4525 votum
519 4457 658 4537 sariunt,
674 4466 771 4534 itaut
787 4479 930 4528 maneant
945 4482 1045 4527 rerum
1103 4461 1322 4543 musurgam
1349 4455 1474 4524 Piorum
1509 4453 1768 4525 Millionariorum
1789 4455 1853 4549 est‘

278 4532 411 4602 'summ
432 4542 661 4619 stopiietaiiae,
680 4559 806 4618 capaees
823 4540 1045 4619 acquirendi&
1080 4548 1192 4618 pariter
1210 4541 1415 4621 congregatio
1434 4540 1514 4617 suasi
1536 4538 1713 4617 Repulatis,
1731 4535 1765 4602 dr
1788 4556 1835 4598 in·
1944 4552 1956 4568 ··

227 4645 232 4656 ·
288 4617 466 4699 retinendi,
486 4640 548 4684 non
573 4619 657 4683 serus
680 4621 802 4688 acaliae
823 4624 965 4687 mulieres
991 4625 1045 4687 lai·
1079 4623 1188 4687 stituta
1218 4618 1323 4685 suita
1360 4621 1474 4685 Carolo
1499 4617 1620 4685 Caraffa
1649 4614 1835 4693 Neapoli&

287 4717 332 4763 rae
347 4695 385 4765 ἀ
399 4693 577 4776 saeeulares,
594 4697 709 4778 illisque
732 4703 825 4766 libere
840 4719 972 4780 utuntur
981 4749 992 4782 ,
1011 4702 1045 4768 dt
1080 4702 1240 4779 approbata
1263 4723 1278 4764 a
1296 4699 1445 4779 Gregorio
1459 4698 1528 4764 XV.
1543 4698 1646 4784 Consi..
1669 4703 1835 4771 incipiente

288 4795 355 4864 tam
376 4779 459 4843 inter
483 4782 596 4857 vivos,
614 4802 707 4856 uitam
728 4786 836 4848 mortis
859 4784 961 4848 caussa
988 4803 1047 4860 pro
1081 4789 1130 4849 Eat
1165 4805 1200 4845 iso
1219 4779 1331 4846 divine
1342 4781 1498 4925 Maieadas.
1515 4780 1693 4871 Gravelon·

263 4905 269 4916 .
289 4851 342 4922 suo
361 4857 490 4925 arbitrio
509 4859 546 4923 de
566 4861 627 4923 illis
642 4863 822 4940 disponunt.
841 4873 868 4943 3.
888 4861 977 4928 Licet
995 4864 1045 4927 ha·
1156 4864 1263 4927 abetur
1285 4867 1399 4938 pariter
1439 4858 1540 4927 uiusce
1555 4858 1678 4923 Ordinis
1701 4854 1835 4932 Congre-

218 4979 222 4992 ·
287 4925 389 5003 lsitent
414 4933 502 5005 limul
528 4941 559 5003 in
580 4941 688 5007 eadem
713 4943 806 5008 domo
825 4944 1046 5022 collegialirer,
1080 4949 1165 5023 patio
1188 4936 1446 5006 Millionaiiorum
1470 4939 1718 5021 presbyterorum
1739 4931 1836 4998 saeru·
1895 4989 1924 4996 ..

279 5017 401 5110 'aliqum
423 5020 598 5086 earumdem
618 5023 900 5112 Congregptionum
920 5043 959 5087 no
998 5027 1046 5087 vi·
1081 5028 1215 5098 larium,
1242 5020 1275 5087 de
1304 5023 1477 5088 Puellarum
1503 5019 1670 5112 Cinaritatis
1689 5013 1836 5090 societas,

291 5115 372 5218 runt
396 5103 554 5214 intereas
577 5102 646 5169 rita
669 5100 916 5190 communis-sed
931 5044 1048 5170 lakene
1080 5125 1153 5184 quae
1170 5100 1313 5168 iuliituta
1338 5100 1382 5169 esi
1409 5121 1448 5244 ik
1449 5101 1478 5180 S.
1488 5099 1672 5257 ⁴Vincentio
1699 5094 1837 5240 ac-ill’csglp
