<?xml version="1.0" encoding="UTF-8"?>
<!DOCTYPE html PUBLIC "-//W3C//DTD XHTML 1.0 Transitional//EN"
    "http://www.w3.org/TR/xhtml1/DTD/xhtml1-transitional.dtd">
<html xmlns="http://www.w3.org/1999/xhtml" xml:lang="en" lang="en">
 <head>
  <title>
</title>
<meta http-equiv="Content-Type" content="text/html;charset=utf-8" />
  <meta name='ocr-system' content='tesseract 3.04.00' />
  <meta name='ocr-capabilities' content='ocr_page ocr_carea ocr_par ocr_line ocrx_word'/>
</head>
<body>
  <div class='ocr_page' id='page_1' title='image "./institutionesth01boragoog_0093.png"; bbox 0 0 4584 5992; ppageno 0'>
   <div class='ocr_carea' id='block_1_1' title="bbox 634 521 1772 602">
    <p class='ocr_par' dir='ltr' id='par_1_1' title="bbox 634 521 1772 602">
     <span class='ocr_line' id='line_1_1' title="bbox 634 521 1772 602; baseline -0.004 -6"><span class='ocrx_word' id='word_1_1' title='bbox 634 521 1457 598; x_wconf 66' lang='lat' dir='ltr'>DECEUSURiS·CaP.1</span> <span class='ocrx_word' id='word_1_2' title='bbox 1726 531 1772 602; x_wconf 78' lang='lat'>81</span> 
     </span>
    </p>
   </div>
   <div class='ocr_carea' id='block_1_2' title="bbox 218 619 1941 4682">
    <p class='ocr_par' dir='ltr' id='par_1_2' title="bbox 218 619 1941 4682">
     <span class='ocr_line' id='line_1_2' title="bbox 271 619 1831 708; baseline -0.001 -16"><span class='ocrx_word' id='word_1_3' title='bbox 271 629 378 696; x_wconf 73' lang='lat' dir='ltr'>Aliter</span> <span class='ocrx_word' id='word_1_4' title='bbox 394 643 473 694; x_wconf 80' lang='lat' dir='ltr'>vero</span> <span class='ocrx_word' id='word_1_5' title='bbox 490 621 669 701; x_wconf 87' lang='lat' dir='ltr'>dicendum,</span> <span class='ocrx_word' id='word_1_6' title='bbox 688 621 803 686; x_wconf 82' lang='lat' dir='ltr'>addunt</span> <span class='ocrx_word' id='word_1_7' title='bbox 824 619 872 682; x_wconf 89' lang='lat' dir='ltr'>liic</span> <span class='ocrx_word' id='word_1_8' title='bbox 887 621 1030 682; x_wconf 84' lang='lat' dir='ltr'>Salmati-</span> <span class='ocrx_word' id='word_1_9' title='bbox 1071 621 1251 686; x_wconf 72' lang='lat' dir='ltr'>cummanire</span> <span class='ocrx_word' id='word_1_10' title='bbox 1271 622 1489 708; x_wconf 71' lang='lat' dir='ltr'>Pia-positam,</span> <span class='ocrx_word' id='word_1_11' title='bbox 1518 628 1669 686; x_wconf 69' lang='lat' dir='ltr'>Drmiam</span> <span class='ocrx_word' id='word_1_12' title='bbox 1689 672 1697 698; x_wconf 91' lang='lat'>,</span> <span class='ocrx_word' id='word_1_13' title='bbox 1722 627 1831 690; x_wconf 81' lang='lat' dir='ltr'>Archi·</span> 
     </span>
     <span class='ocr_line' id='line_1_3' title="bbox 270 699 1769 784; baseline -0.003 -12"><span class='ocrx_word' id='word_1_14' title='bbox 270 705 373 776; x_wconf 80' lang='lat' dir='ltr'>ceol&#39;ea</span> <span class='ocrx_word' id='word_1_15' title='bbox 394 755 403 784; x_wconf 97' lang='lat'>,</span> <span class='ocrx_word' id='word_1_16' title='bbox 434 705 473 770; x_wconf 83' lang='lat' dir='ltr'>de</span> <span class='ocrx_word' id='word_1_17' title='bbox 490 699 624 770; x_wconf 78' lang='lat' dir='ltr'>censurii</span> <span class='ocrx_word' id='word_1_18' title='bbox 652 703 722 766; x_wconf 88' lang='lat' dir='ltr'>latii</span> <span class='ocrx_word' id='word_1_19' title='bbox 744 721 795 777; x_wconf 88' lang='lat' dir='ltr'>per</span> <span class='ocrx_word' id='word_1_20' title='bbox 815 699 937 762; x_wconf 86' lang='lat' dir='ltr'>modum</span> <span class='ocrx_word' id='word_1_21' title='bbox 958 718 1036 774; x_wconf 77' lang='lat' dir='ltr'>proe·</span> <span class='ocrx_word' id='word_1_22' title='bbox 1051 773 1054 780; x_wconf 31' lang='lat'><strong>¹</strong></span> <span class='ocrx_word' id='word_1_23' title='bbox 1070 703 1223 764; x_wconf 79' lang='lat' dir='ltr'>diatritam</span> <span class='ocrx_word' id='word_1_24' title='bbox 1244 747 1253 775; x_wconf 96' lang='lat'>,</span> <span class='ocrx_word' id='word_1_25' title='bbox 1274 699 1314 766; x_wconf 64' lang='lat' dir='ltr'>dr</span> <span class='ocrx_word' id='word_1_26' title='bbox 1330 699 1401 764; x_wconf 83' lang='lat' dir='ltr'>alies</span> <span class='ocrx_word' id='word_1_27' title='bbox 1417 699 1507 762; x_wconf 80' lang='lat' dir='ltr'>baias</span> <span class='ocrx_word' id='word_1_28' title='bbox 1523 705 1769 768; x_wconf 70' lang='lat' dir='ltr'>communitatis.</span> 
     </span>
     <span class='ocr_line' id='line_1_4' title="bbox 274 779 1832 865; baseline -0.003 -13"><span class='ocrx_word' id='word_1_29' title='bbox 274 791 359 864; x_wconf 85' lang='lat' dir='ltr'>cepti</span> <span class='ocrx_word' id='word_1_30' title='bbox 373 801 431 852; x_wconf 88' lang='lat' dir='ltr'>aut</span> <span class='ocrx_word' id='word_1_31' title='bbox 451 786 558 850; x_wconf 83' lang='lat' dir='ltr'>tirimi</span> <span class='ocrx_word' id='word_1_32' title='bbox 580 785 683 860; x_wconf 82' lang='lat' dir='ltr'>;quia</span> <span class='ocrx_word' id='word_1_33' title='bbox 700 783 748 844; x_wconf 83' lang='lat' dir='ltr'>liae</span> <span class='ocrx_word' id='word_1_34' title='bbox 769 795 874 842; x_wconf 91' lang='lat' dir='ltr'>rotam</span> <span class='ocrx_word' id='word_1_35' title='bbox 890 779 1035 842; x_wconf 86' lang='lat' dir='ltr'>Commu·</span> <span class='ocrx_word' id='word_1_36' title='bbox 1109 781 1196 844; x_wconf 82' lang='lat' dir='ltr'>Nota</span> <span class='ocrx_word' id='word_1_37' title='bbox 1217 799 1245 840; x_wconf 88' lang='lat' dir='ltr'>a.</span> <span class='ocrx_word' id='word_1_38' title='bbox 1263 779 1401 844; x_wconf 88' lang='lat' dir='ltr'>eumdem</span> <span class='ocrx_word' id='word_1_39' title='bbox 1420 779 1572 845; x_wconf 86' lang='lat' dir='ltr'>hominem</span> <span class='ocrx_word' id='word_1_40' title='bbox 1592 787 1746 850; x_wconf 87' lang='lat' dir='ltr'>incurrere</span> <span class='ocrx_word' id='word_1_41' title='bbox 1765 781 1832 865; x_wconf 85' lang='lat' dir='ltr'>pol·</span> 
     </span>
     <span class='ocr_line' id='line_1_5' title="bbox 275 855 1833 946; baseline -0.001 -16"><span class='ocrx_word' id='word_1_42' title='bbox 275 871 410 932; x_wconf 87' lang='lat' dir='ltr'>nitatem</span> <span class='ocrx_word' id='word_1_43' title='bbox 439 863 692 942; x_wconf 77' lang='lat' dir='ltr'>comprehendere</span> <span class='ocrx_word' id='word_1_44' title='bbox 726 857 847 937; x_wconf 83' lang='lat' dir='ltr'>poliunt</span> <span class='ocrx_word' id='word_1_45' title='bbox 868 880 879 929; x_wconf 83' lang='lat'>,-</span> <span class='ocrx_word' id='word_1_46' title='bbox 910 875 984 934; x_wconf 89' lang='lat' dir='ltr'>puta</span> <span class='ocrx_word' id='word_1_47' title='bbox 1013 855 1101 924; x_wconf 58' lang='lat' dir='ltr'>sisic</span> <span class='ocrx_word' id='word_1_48' title='bbox 1116 859 1220 946; x_wconf 79' lang='lat' dir='ltr'>plutei</span> <span class='ocrx_word' id='word_1_49' title='bbox 1234 857 1376 924; x_wconf 86' lang='lat' dir='ltr'>censurat</span> <span class='ocrx_word' id='word_1_50' title='bbox 1402 907 1410 934; x_wconf 96' lang='lat'>,</span> <span class='ocrx_word' id='word_1_51' title='bbox 1437 857 1500 924; x_wconf 80' lang='lat' dir='ltr'>sive</span> <span class='ocrx_word' id='word_1_52' title='bbox 1514 857 1675 940; x_wconf 87' lang='lat' dir='ltr'>eiusdem,</span> <span class='ocrx_word' id='word_1_53' title='bbox 1705 865 1768 932; x_wconf 80' lang='lat' dir='ltr'>siue</span> <span class='ocrx_word' id='word_1_54' title='bbox 1788 867 1833 928; x_wconf 89' lang='lat' dir='ltr'>di·</span> 
     </span>
     <span class='ocr_line' id='line_1_6' title="bbox 274 917 1831 1024; baseline 0.008 -26"><span class='ocrx_word' id='word_1_55' title='bbox 274 949 427 1012; x_wconf 63' lang='grc' dir='ltr'>Ρηὴως</span> <span class='ocrx_word' id='word_1_56' title='bbox 444 939 502 1010; x_wconf 71' lang='lat' dir='ltr'>sub</span> <span class='ocrx_word' id='word_1_57' title='bbox 518 917 1166 1024; x_wconf 65' lang='lat' dir='ltr'>poenaexcorninunicationieliuiclverlae</span> <span class='ocrx_word' id='word_1_58' title='bbox 1188 941 1324 1024; x_wconf 87' lang='lat' dir='ltr'>lpeciei,</span> <span class='ocrx_word' id='word_1_59' title='bbox 1356 944 1401 1002; x_wconf 87' lang='lat' dir='ltr'>ita</span> <span class='ocrx_word' id='word_1_60' title='bbox 1425 957 1460 1002; x_wconf 91' lang='lat' dir='ltr'>ut</span> <span class='ocrx_word' id='word_1_61' title='bbox 1483 945 1625 1016; x_wconf 79' lang='lat' dir='ltr'>qiiimvii</span> <span class='ocrx_word' id='word_1_62' title='bbox 1656 944 1831 1012; x_wconf 73' lang='lat' dir='ltr'>absolvatur</span> 
     </span>
     <span class='ocr_line' id='line_1_7' title="bbox 274 1020 1832 1100; baseline -0.002 -8"><span class='ocrx_word' id='word_1_63' title='bbox 274 1027 502 1094; x_wconf 83' lang='lat' dir='ltr'>Coruriaunitati</span> <span class='ocrx_word' id='word_1_64' title='bbox 535 1025 655 1100; x_wconf 81' lang='lat' dir='ltr'>&#39;aliquid</span> <span class='ocrx_word' id='word_1_65' title='bbox 684 1023 893 1098; x_wconf 79' lang='lat' dir='ltr'>praeciperer,</span> <span class='ocrx_word' id='word_1_66' title='bbox 931 1037 1036 1080; x_wconf 80' lang='lat' dir='ltr'>omnes</span> <span class='ocrx_word' id='word_1_67' title='bbox 1049 1047 1055 1072; x_wconf 85' lang='lat'><em>=</em></span> <span class='ocrx_word' id='word_1_68' title='bbox 1070 1021 1107 1082; x_wconf 82' lang='lat' dir='ltr'>ab</span> <span class='ocrx_word' id='word_1_69' title='bbox 1127 1039 1190 1082; x_wconf 84' lang='lat' dir='ltr'>iiiia</span> <span class='ocrx_word' id='word_1_70' title='bbox 1206 1021 1333 1082; x_wconf 88' lang='lat' dir='ltr'>cenlura</span> <span class='ocrx_word' id='word_1_71' title='bbox 1357 1066 1365 1095; x_wconf 97' lang='lat'>,</span> <span class='ocrx_word' id='word_1_72' title='bbox 1393 1020 1492 1084; x_wconf 84' lang='lat' dir='ltr'>altera</span> <span class='ocrx_word' id='word_1_73' title='bbox 1509 1021 1674 1084; x_wconf 79' lang='lat' dir='ltr'>innodatus</span> <span class='ocrx_word' id='word_1_74' title='bbox 1698 1043 1832 1090; x_wconf 77' lang='lat' dir='ltr'>renune-</span> 
     </span>
     <span class='ocr_line' id='line_1_8' title="bbox 274 1079 1832 1186; baseline -0.005 -11"><span class='ocrx_word' id='word_1_75' title='bbox 274 1106 510 1186; x_wconf 68' lang='lat' dir='ltr'>ttaial&#39;preilorea</span> <span class='ocrx_word' id='word_1_76' title='bbox 534 1105 615 1168; x_wconf 82' lang='lat' dir='ltr'>illins</span> <span class='ocrx_word' id='word_1_77' title='bbox 643 1101 790 1178; x_wconf 81' lang='lat' dir='ltr'>praecepti</span> <span class='ocrx_word' id='word_1_78' title='bbox 819 1116 888 1160; x_wconf 88' lang='lat' dir='ltr'>eam</span> <span class='ocrx_word' id='word_1_79' title='bbox 915 1117 1037 1160; x_wconf 84' lang='lat' dir='ltr'>contta·</span> <span class='ocrx_word' id='word_1_80' title='bbox 1050 1079 1055 1158; x_wconf 80' lang='lat' dir='ltr'>l</span> <span class='ocrx_word' id='word_1_81' title='bbox 1069 1099 1134 1174; x_wconf 87' lang='lat' dir='ltr'>bit,</span> <span class='ocrx_word' id='word_1_82' title='bbox 1156 1101 1250 1163; x_wconf 91' lang='lat' dir='ltr'>donec</span> <span class='ocrx_word' id='word_1_83' title='bbox 1267 1099 1304 1162; x_wconf 86' lang='lat' dir='ltr'>ab</span> <span class='ocrx_word' id='word_1_84' title='bbox 1325 1099 1378 1162; x_wconf 92' lang='lat' dir='ltr'>illa</span> <span class='ocrx_word' id='word_1_85' title='bbox 1399 1097 1595 1167; x_wconf 89' lang='lat' dir='ltr'>ablolvatut:</span> <span class='ocrx_word' id='word_1_86' title='bbox 1616 1108 1685 1176; x_wconf 87' lang='lat' dir='ltr'>quia</span> <span class='ocrx_word' id='word_1_87' title='bbox 1701 1127 1770 1170; x_wconf 92' lang='lat' dir='ltr'>cum</span> <span class='ocrx_word' id='word_1_88' title='bbox 1786 1109 1832 1166; x_wconf 91' lang='lat' dir='ltr'>in·</span> 
     </span>
     <span class='ocr_line' id='line_1_9' title="bbox 274 1174 1832 1264; baseline -0.003 -12"><span class='ocrx_word' id='word_1_89' title='bbox 274 1189 413 1264; x_wconf 83' lang='lat' dir='ltr'>herent,</span> <span class='ocrx_word' id='word_1_90' title='bbox 440 1185 475 1252; x_wconf 77' lang='lat' dir='ltr'>dt</span> <span class='ocrx_word' id='word_1_91' title='bbox 502 1189 547 1248; x_wconf 90' lang='lat' dir='ltr'>ita</span> <span class='ocrx_word' id='word_1_92' title='bbox 576 1202 640 1247; x_wconf 91' lang='lat' dir='ltr'>nori</span> <span class='ocrx_word' id='word_1_93' title='bbox 667 1179 932 1262; x_wconf 63' lang='lat' dir='ltr'>communitatem</span> <span class='ocrx_word' id='word_1_94' title='bbox 952 1224 961 1254; x_wconf 90' lang='lat'>,</span> <span class='ocrx_word' id='word_1_95' title='bbox 989 1174 1036 1247; x_wconf 81' lang='lat' dir='ltr'>[ed</span> <span class='ocrx_word' id='word_1_96' title='bbox 1050 1209 1054 1234; x_wconf 73' lang='grc' dir='ltr'><em>ι</em></span> <span class='ocrx_word' id='word_1_97' title='bbox 1069 1199 1214 1241; x_wconf 88' lang='lat' dir='ltr'>curratur</span> <span class='ocrx_word' id='word_1_98' title='bbox 1234 1177 1358 1243; x_wconf 84' lang='lat' dir='ltr'>censura</span> <span class='ocrx_word' id='word_1_99' title='bbox 1378 1181 1417 1242; x_wconf 92' lang='lat' dir='ltr'>ob</span> <span class='ocrx_word' id='word_1_100' title='bbox 1431 1181 1634 1245; x_wconf 80' lang='lat' dir='ltr'>violationem</span> <span class='ocrx_word' id='word_1_101' title='bbox 1653 1185 1745 1264; x_wconf 78' lang='lat' dir='ltr'>legis,</span> <span class='ocrx_word' id='word_1_102' title='bbox 1764 1203 1832 1259; x_wconf 91' lang='lat' dir='ltr'>pro·</span> 
     </span>
     <span class='ocr_line' id='line_1_10' title="bbox 274 1256 1832 1350; baseline -0.003 -18"><span class='ocrx_word' id='word_1_103' title='bbox 274 1267 479 1350; x_wconf 86' lang='lat' dir='ltr'>particularee</span> <span class='ocrx_word' id='word_1_104' title='bbox 493 1265 568 1328; x_wconf 81' lang='lat' dir='ltr'>talis</span> <span class='ocrx_word' id='word_1_105' title='bbox 587 1259 715 1327; x_wconf 85' lang='lat' dir='ltr'>censura</span> <span class='ocrx_word' id='word_1_106' title='bbox 745 1256 907 1333; x_wconf 90' lang='lat' dir='ltr'>relpiceret</span> <span class='ocrx_word' id='word_1_107' title='bbox 927 1277 937 1334; x_wconf 86' lang='lat'>;</span> <span class='ocrx_word' id='word_1_108' title='bbox 967 1277 1037 1320; x_wconf 89' lang='lat' dir='ltr'>cum</span> <span class='ocrx_word' id='word_1_109' title='bbox 1050 1275 1055 1328; x_wconf 73' lang='grc' dir='ltr'><strong>ξ</strong></span> <span class='ocrx_word' id='word_1_110' title='bbox 1070 1257 1213 1322; x_wconf 87' lang='lat' dir='ltr'>culdubio</span> <span class='ocrx_word' id='word_1_111' title='bbox 1229 1261 1347 1334; x_wconf 79' lang='lat' dir='ltr'>quoties</span> <span class='ocrx_word' id='word_1_112' title='bbox 1365 1259 1436 1338; x_wconf 77' lang='lat' dir='ltr'>legis</span> <span class='ocrx_word' id='word_1_113' title='bbox 1462 1259 1709 1338; x_wconf 73' lang='lat' dir='ltr'>trani&#39;gteiliones</span> <span class='ocrx_word' id='word_1_114' title='bbox 1728 1265 1832 1328; x_wconf 88' lang='lat' dir='ltr'>multi·</span> 
     </span>
     <span class='ocr_line' id='line_1_11' title="bbox 274 1333 1833 1426; baseline -0.005 -12"><span class='ocrx_word' id='word_1_115' title='bbox 274 1368 315 1416; x_wconf 75' lang='grc' dir='ltr'>ει</span> <span class='ocrx_word' id='word_1_116' title='bbox 333 1343 474 1426; x_wconf 84' lang='lat' dir='ltr'>opposito</span> <span class='ocrx_word' id='word_1_117' title='bbox 500 1340 625 1408; x_wconf 86' lang='lat' dir='ltr'>censura</span> <span class='ocrx_word' id='word_1_118' title='bbox 651 1343 716 1404; x_wconf 90' lang='lat' dir='ltr'>laia</span> <span class='ocrx_word' id='word_1_119' title='bbox 743 1357 797 1414; x_wconf 91' lang='lat' dir='ltr'>per</span> <span class='ocrx_word' id='word_1_120' title='bbox 825 1343 949 1400; x_wconf 87' lang='lat' dir='ltr'>modum</span> <span class='ocrx_word' id='word_1_121' title='bbox 971 1333 1037 1400; x_wconf 87' lang='lat' dir='ltr'>len·</span> <span class='ocrx_word' id='word_1_122' title='bbox 1053 1369 1056 1378; x_wconf 95' lang='lat'>·</span> <span class='ocrx_word' id='word_1_123' title='bbox 1071 1337 1246 1415; x_wconf 75' lang='lat' dir='ltr'>plicantur,</span> <span class='ocrx_word' id='word_1_124' title='bbox 1265 1337 1488 1416; x_wconf 80' lang='lat' dir='ltr'>multiplicatur</span> <span class='ocrx_word' id='word_1_125' title='bbox 1507 1341 1541 1404; x_wconf 84' lang='lat' dir='ltr'>dt</span> <span class='ocrx_word' id='word_1_126' title='bbox 1559 1341 1706 1423; x_wconf 88' lang='lat' dir='ltr'>cenluta;</span> <span class='ocrx_word' id='word_1_127' title='bbox 1727 1345 1833 1408; x_wconf 87' lang='lat' dir='ltr'>multi·</span> 
     </span>
     <span class='ocr_line' id='line_1_12' title="bbox 274 1413 1835 1510; baseline -0.002 -20"><span class='ocrx_word' id='word_1_128' title='bbox 274 1430 389 1494; x_wconf 86' lang='lat' dir='ltr'>ienilai</span> <span class='ocrx_word' id='word_1_129' title='bbox 405 1430 438 1490; x_wconf 88' lang='lat' dir='ltr'>iii</span> <span class='ocrx_word' id='word_1_130' title='bbox 457 1424 721 1490; x_wconf 77' lang='lat' dir='ltr'>communitatem</span> <span class='ocrx_word' id='word_1_131' title='bbox 739 1465 749 1495; x_wconf 93' lang='lat'>,</span> <span class='ocrx_word' id='word_1_132' title='bbox 768 1413 861 1492; x_wconf 86' lang='lat' dir='ltr'>ipsam</span> <span class='ocrx_word' id='word_1_133' title='bbox 882 1417 1054 1510; x_wconf 44' lang='lat' dir='ltr'>immedini</span> <span class='ocrx_word' id='word_1_134' title='bbox 1072 1418 1193 1494; x_wconf 79' lang='lat' dir='ltr'>plicatis</span> <span class='ocrx_word' id='word_1_135' title='bbox 1209 1419 1291 1480; x_wconf 90' lang='lat' dir='ltr'>enim</span> <span class='ocrx_word' id='word_1_136' title='bbox 1311 1415 1419 1480; x_wconf 79' lang='lat' dir='ltr'>caullis</span> <span class='ocrx_word' id='word_1_137' title='bbox 1439 1465 1447 1494; x_wconf 96' lang='lat'>,</span> <span class='ocrx_word' id='word_1_138' title='bbox 1479 1417 1601 1502; x_wconf 65' lang='lat' dir='ltr'>effecius</span> <span class='ocrx_word' id='word_1_139' title='bbox 1626 1425 1835 1502; x_wconf 87' lang='lat' dir='ltr'>multiplicati·</span> 
     </span>
     <span class='ocr_line' id='line_1_13' title="bbox 277 1492 1833 1586; baseline -0.006 -12"><span class='ocrx_word' id='word_1_140' title='bbox 277 1527 310 1574; x_wconf 85' lang='lat' dir='ltr'>te</span> <span class='ocrx_word' id='word_1_141' title='bbox 329 1505 451 1586; x_wconf 81' lang='lat' dir='ltr'>respicit</span> <span class='ocrx_word' id='word_1_142' title='bbox 470 1505 756 1572; x_wconf 77' lang='lat' dir='ltr'>communitatem,</span> <span class='ocrx_word' id='word_1_143' title='bbox 784 1503 816 1559; x_wconf 92' lang='lat' dir='ltr'>in</span> <span class='ocrx_word' id='word_1_144' title='bbox 835 1517 893 1572; x_wconf 83' lang='lat' dir='ltr'>qua</span> <span class='ocrx_word' id='word_1_145' title='bbox 911 1492 1149 1561; x_wconf 81' lang='lat' dir='ltr'>fortaileitur.</span> <span class='ocrx_word' id='word_1_146' title='bbox 1180 1493 1270 1560; x_wconf 88' lang='lat' dir='ltr'>Unde</span> <span class='ocrx_word' id='word_1_147' title='bbox 1297 1501 1347 1576; x_wconf 84' lang='lat' dir='ltr'>qui</span> <span class='ocrx_word' id='word_1_148' title='bbox 1379 1495 1533 1564; x_wconf 79' lang='lat' dir='ltr'>clericum</span> <span class='ocrx_word' id='word_1_149' title='bbox 1562 1499 1669 1580; x_wconf 83' lang='lat' dir='ltr'>saepiui</span> <span class='ocrx_word' id='word_1_150' title='bbox 1698 1505 1833 1583; x_wconf 84' lang='lat' dir='ltr'>pereutit</span> 
     </span>
     <span class='ocr_line' id='line_1_14' title="bbox 278 1569 1833 1670; baseline -0.005 -17"><span class='ocrx_word' id='word_1_151' title='bbox 278 1588 377 1668; x_wconf 82' lang='lat' dir='ltr'>plutei</span> <span class='ocrx_word' id='word_1_152' title='bbox 395 1603 491 1652; x_wconf 89' lang='lat' dir='ltr'>erunt</span> <span class='ocrx_word' id='word_1_153' title='bbox 518 1587 700 1652; x_wconf 87' lang='lat' dir='ltr'>innocenter</span> <span class='ocrx_word' id='word_1_154' title='bbox 722 1626 731 1657; x_wconf 93' lang='lat'>,</span> <span class='ocrx_word' id='word_1_155' title='bbox 759 1581 809 1652; x_wconf 83' lang='lat' dir='ltr'>qui</span> <span class='ocrx_word' id='word_1_156' title='bbox 829 1597 953 1653; x_wconf 72' lang='lat' dir='ltr'>artuum</span> <span class='ocrx_word' id='word_1_157' title='bbox 973 1595 1036 1638; x_wconf 79' lang='lat' dir='ltr'>non</span> <span class='ocrx_word' id='word_1_158' title='bbox 1050 1569 1056 1666; x_wconf 73' lang='lat' dir='ltr'>l</span> <span class='ocrx_word' id='word_1_159' title='bbox 1068 1598 1139 1670; x_wconf 85' lang='lat' dir='ltr'>cum</span> <span class='ocrx_word' id='word_1_160' title='bbox 1155 1581 1378 1670; x_wconf 82' lang='lat' dir='ltr'>interruptione</span> <span class='ocrx_word' id='word_1_161' title='bbox 1392 1580 1523 1670; x_wconf 78' lang='lat' dir='ltr'>morali,</span> <span class='ocrx_word' id='word_1_162' title='bbox 1540 1601 1594 1646; x_wconf 90' lang='lat' dir='ltr'>aut</span> <span class='ocrx_word' id='word_1_163' title='bbox 1613 1588 1745 1660; x_wconf 88' lang='lat' dir='ltr'>percutit</span> <span class='ocrx_word' id='word_1_164' title='bbox 1761 1583 1833 1648; x_wconf 88' lang='lat' dir='ltr'>Cle-</span> 
     </span>
     <span class='ocr_line' id='line_1_15' title="bbox 275 1653 1833 1764; baseline -0.004 -32"><span class='ocrx_word' id='word_1_165' title='bbox 275 1665 318 1732; x_wconf 83' lang='lat' dir='ltr'>eii</span> <span class='ocrx_word' id='word_1_166' title='bbox 338 1667 421 1746; x_wconf 84' lang='lat' dir='ltr'>quod</span> <span class='ocrx_word' id='word_1_167' title='bbox 443 1685 498 1744; x_wconf 87' lang='lat' dir='ltr'>pto</span> <span class='ocrx_word' id='word_1_168' title='bbox 516 1665 646 1728; x_wconf 88' lang='lat' dir='ltr'>aliorum</span> <span class='ocrx_word' id='word_1_169' title='bbox 663 1659 752 1735; x_wconf 90' lang='lat' dir='ltr'>culpa</span> <span class='ocrx_word' id='word_1_170' title='bbox 772 1653 975 1720; x_wconf 77' lang='lat' dir='ltr'>mulilenrur.</span> <span class='ocrx_word' id='word_1_171' title='bbox 1050 1673 1167 1764; x_wconf 58' lang='lat' dir='ltr'>[ticum</span> <span class='ocrx_word' id='word_1_172' title='bbox 1181 1655 1246 1744; x_wconf 73' lang='lat' dir='ltr'>,dt</span> <span class='ocrx_word' id='word_1_173' title='bbox 1264 1661 1371 1721; x_wconf 79' lang='lat' dir='ltr'>incidit</span> <span class='ocrx_word' id='word_1_174' title='bbox 1389 1679 1420 1719; x_wconf 88' lang='lat' dir='ltr'>in</span> <span class='ocrx_word' id='word_1_175' title='bbox 1438 1657 1594 1738; x_wconf 81' lang='lat' dir='ltr'>hierelim,</span> <span class='ocrx_word' id='word_1_176' title='bbox 1612 1685 1683 1728; x_wconf 91' lang='lat' dir='ltr'>cum</span> <span class='ocrx_word' id='word_1_177' title='bbox 1700 1668 1731 1730; x_wconf 93' lang='lat' dir='ltr'>iri</span> <span class='ocrx_word' id='word_1_178' title='bbox 1749 1683 1833 1728; x_wconf 86' lang='lat' dir='ltr'>utro·</span> 
     </span>
     <span class='ocr_line' id='line_1_16' title="bbox 316 1735 1832 1828; baseline -0.003 -15"><span class='ocrx_word' id='word_1_179' title='bbox 316 1749 388 1813; x_wconf 83' lang='lat' dir='ltr'>Nec</span> <span class='ocrx_word' id='word_1_180' title='bbox 408 1746 531 1824; x_wconf 82' lang='lat' dir='ltr'>officit,</span> <span class='ocrx_word' id='word_1_181' title='bbox 563 1741 642 1820; x_wconf 88' lang='lat' dir='ltr'>quod</span> <span class='ocrx_word' id='word_1_182' title='bbox 664 1757 734 1806; x_wconf 92' lang='lat' dir='ltr'>tota</span> <span class='ocrx_word' id='word_1_183' title='bbox 753 1735 966 1820; x_wconf 87' lang='lat' dir='ltr'>Commiinirai</span> <span class='ocrx_word' id='word_1_184' title='bbox 983 1752 1036 1810; x_wconf 89' lang='lat' dir='ltr'>per</span> <span class='ocrx_word' id='word_1_185' title='bbox 1051 1798 1055 1813; x_wconf 63' lang='grc'>,</span> <span class='ocrx_word' id='word_1_186' title='bbox 1070 1757 1130 1811; x_wconf 85' lang='lat' dir='ltr'>qne</span> <span class='ocrx_word' id='word_1_187' title='bbox 1147 1739 1217 1828; x_wconf 78' lang='lat' dir='ltr'>calu</span> <span class='ocrx_word' id='word_1_188' title='bbox 1232 1737 1417 1812; x_wconf 83' lang='lat' dir='ltr'>multiplices</span> <span class='ocrx_word' id='word_1_189' title='bbox 1434 1759 1529 1816; x_wconf 88' lang='lat' dir='ltr'>ponar</span> <span class='ocrx_word' id='word_1_190' title='bbox 1543 1742 1661 1806; x_wconf 76' lang='lat' dir='ltr'>caullas</span> <span class='ocrx_word' id='word_1_191' title='bbox 1677 1742 1832 1820; x_wconf 82' lang='lat' dir='ltr'>cenlurae,</span> 
     </span>
     <span class='ocr_line' id='line_1_17' title="bbox 277 1815 1832 1904; baseline -0.006 -8"><span class='ocrx_word' id='word_1_192' title='bbox 277 1825 424 1896; x_wconf 77' lang='lat' dir='ltr'>delidlum</span> <span class='ocrx_word' id='word_1_193' title='bbox 451 1827 577 1892; x_wconf 79' lang='lat' dir='ltr'>alicuine</span> <span class='ocrx_word' id='word_1_194' title='bbox 612 1818 805 1904; x_wconf 82' lang='lat' dir='ltr'>particularia</span> <span class='ocrx_word' id='word_1_195' title='bbox 843 1817 1037 1890; x_wconf 85' lang='lat' dir='ltr'>iuipcndatur</span> <span class='ocrx_word' id='word_1_196' title='bbox 1051 1819 1060 1842; x_wconf 88' lang='lat'>¹·</span> <span class='ocrx_word' id='word_1_197' title='bbox 1069 1815 1256 1893; x_wconf 84' lang='lat' dir='ltr'>multiplices</span> <span class='ocrx_word' id='word_1_198' title='bbox 1273 1815 1437 1904; x_wconf 79' lang='lat' dir='ltr'>lequuntur</span> <span class='ocrx_word' id='word_1_199' title='bbox 1453 1820 1595 1896; x_wconf 75' lang='lat' dir='ltr'>eil&#39;eilur,</span> <span class='ocrx_word' id='word_1_200' title='bbox 1612 1827 1739 1899; x_wconf 80' lang='lat' dir='ltr'>ideoque</span> <span class='ocrx_word' id='word_1_201' title='bbox 1756 1825 1832 1887; x_wconf 87' lang='lat' dir='ltr'>inul-</span> 
     </span>
     <span class='ocr_line' id='line_1_18' title="bbox 278 1892 1832 1985; baseline -0.013 -11"><span class='ocrx_word' id='word_1_202' title='bbox 278 1907 563 1985; x_wconf 87' lang='lat' dir='ltr'>autintetilicatur,</span> <span class='ocrx_word' id='word_1_203' title='bbox 582 1905 697 1978; x_wconf 86' lang='lat' dir='ltr'>quiaut</span> <span class='ocrx_word' id='word_1_204' title='bbox 713 1893 910 1976; x_wconf 79' lang='lat' dir='ltr'>relpondetS.</span> <span class='ocrx_word' id='word_1_205' title='bbox 924 1892 1035 1983; x_wconf 51' lang='lat' dir='ltr'>”lslioiii-</span> <span class='ocrx_word' id='word_1_206' title='bbox 1070 1896 1190 1972; x_wconf 84' lang='lat' dir='ltr'>tiplices</span> <span class='ocrx_word' id='word_1_207' title='bbox 1209 1897 1344 1961; x_wconf 75' lang='lat' dir='ltr'>cenlurae</span> <span class='ocrx_word' id='word_1_208' title='bbox 1365 1903 1395 1960; x_wconf 89' lang='lat' dir='ltr'>iri</span> <span class='ocrx_word' id='word_1_209' title='bbox 1426 1901 1523 1974; x_wconf 91' lang='lat' dir='ltr'>ptimo</span> <span class='ocrx_word' id='word_1_210' title='bbox 1544 1899 1621 1968; x_wconf 87' lang='lat' dir='ltr'>casu·</span> <span class='ocrx_word' id='word_1_211' title='bbox 1646 1903 1744 1979; x_wconf 72' lang='lat' dir='ltr'>quoad</span> <span class='ocrx_word' id='word_1_212' title='bbox 1773 1923 1832 1966; x_wconf 72' lang='lat' dir='ltr'>nu..</span> 
     </span>
     <span class='ocr_line' id='line_1_19' title="bbox 278 1969 1832 2066; baseline -0.006 -14"><span class='ocrx_word' id='word_1_213' title='bbox 278 1991 310 2052; x_wconf 90' lang='lat' dir='ltr'>in</span> <span class='ocrx_word' id='word_1_214' title='bbox 340 1987 433 2054; x_wconf 86' lang='lat' dir='ltr'>addit.</span> <span class='ocrx_word' id='word_1_215' title='bbox 460 2002 491 2066; x_wconf 78' lang='lat' dir='ltr'>tp.</span> <span class='ocrx_word' id='word_1_216' title='bbox 510 2003 560 2048; x_wconf 87' lang='lat' dir='ltr'>aa.</span> <span class='ocrx_word' id='word_1_217' title='bbox 578 1999 636 2046; x_wconf 86' lang='lat' dir='ltr'>art.</span> <span class='ocrx_word' id='word_1_218' title='bbox 652 1999 681 2062; x_wconf 77' lang='lat'>5.</span> <span class='ocrx_word' id='word_1_219' title='bbox 708 1979 744 2044; x_wconf 83' lang='lat' dir='ltr'>ad</span> <span class='ocrx_word' id='word_1_220' title='bbox 764 1993 794 2038; x_wconf 87' lang='lat' dir='ltr'>a.</span> <span class='ocrx_word' id='word_1_221' title='bbox 826 1973 978 2050; x_wconf 89' lang='lat' dir='ltr'>sulpeniro</span> <span class='ocrx_word' id='word_1_222' title='bbox 1002 1969 1036 2036; x_wconf 78' lang='lat' dir='ltr'>dt</span> <span class='ocrx_word' id='word_1_223' title='bbox 1069 1995 1202 2052; x_wconf 88' lang='lat' dir='ltr'>merum,</span> <span class='ocrx_word' id='word_1_224' title='bbox 1224 1980 1255 2038; x_wconf 91' lang='lat' dir='ltr'>in</span> <span class='ocrx_word' id='word_1_225' title='bbox 1272 1976 1373 2062; x_wconf 82' lang='lat' dir='ltr'>aliero</span> <span class='ocrx_word' id='word_1_226' title='bbox 1389 1979 1489 2052; x_wconf 89' lang='lat' dir='ltr'>quoad</span> <span class='ocrx_word' id='word_1_227' title='bbox 1507 1977 1636 2058; x_wconf 83' lang='lat' dir='ltr'>speeiem</span> <span class='ocrx_word' id='word_1_228' title='bbox 1647 2005 1658 2059; x_wconf 92' lang='lat'>,·</span> <span class='ocrx_word' id='word_1_229' title='bbox 1678 1985 1750 2060; x_wconf 86' lang='lat' dir='ltr'>quia</span> <span class='ocrx_word' id='word_1_230' title='bbox 1766 1985 1832 2046; x_wconf 89' lang='lat' dir='ltr'>uni·</span> 
     </span>
     <span class='ocr_line' id='line_1_20' title="bbox 280 2053 1830 2142; baseline -0.005 -12"><span class='ocrx_word' id='word_1_231' title='bbox 280 2063 471 2134; x_wconf 73' lang='lat' dir='ltr'>interdidlum</span> <span class='ocrx_word' id='word_1_232' title='bbox 499 2086 560 2130; x_wconf 93' lang='lat' dir='ltr'>non</span> <span class='ocrx_word' id='word_1_233' title='bbox 594 2061 664 2126; x_wconf 93' lang='lat' dir='ltr'>lunt</span> <span class='ocrx_word' id='word_1_234' title='bbox 689 2073 780 2138; x_wconf 81' lang='lat' dir='ltr'>tanta</span> <span class='ocrx_word' id='word_1_235' title='bbox 810 2073 903 2129; x_wconf 82' lang='lat' dir='ltr'>poetta</span> <span class='ocrx_word' id='word_1_236' title='bbox 921 2069 1180 2142; x_wconf 62' lang='lat' dir='ltr'>quantacurqire</span> <span class='ocrx_word' id='word_1_237' title='bbox 1221 2053 1446 2135; x_wconf 81' lang='lat' dir='ltr'>tranlgteffioni</span> <span class='ocrx_word' id='word_1_238' title='bbox 1483 2061 1643 2136; x_wconf 77' lang='lat' dir='ltr'>completa:</span> <span class='ocrx_word' id='word_1_239' title='bbox 1682 2062 1830 2140; x_wconf 74' lang='lat' dir='ltr'>alligatur</span> 
     </span>
     <span class='ocr_line' id='line_1_21' title="bbox 278 2131 1833 2218; baseline -0.004 -4"><span class='ocrx_word' id='word_1_240' title='bbox 278 2149 558 2214; x_wconf 80' lang='lat' dir='ltr'>eununnuniciiio</span> <span class='ocrx_word' id='word_1_241' title='bbox 615 2156 686 2206; x_wconf 78' lang='lat' dir='ltr'>‘cum</span> <span class='ocrx_word' id='word_1_242' title='bbox 710 2131 837 2212; x_wconf 58' lang='lat' dir='ltr'>luimus!</span> <span class='ocrx_word' id='word_1_243' title='bbox 867 2153 928 2198; x_wconf 71' lang='lat'>⁰⁰¹¹</span> <span class='ocrx_word' id='word_1_244' title='bbox 949 2143 1036 2198; x_wconf 68' lang='lat' dir='ltr'>lieu·</span> <span class='ocrx_word' id='word_1_245' title='bbox 1069 2140 1122 2200; x_wconf 90' lang='lat' dir='ltr'>lua</span> <span class='ocrx_word' id='word_1_246' title='bbox 1151 2138 1307 2200; x_wconf 87' lang='lat' dir='ltr'>cenlura.</span> <span class='ocrx_word' id='word_1_247' title='bbox 1349 2136 1446 2216; x_wconf 73' lang='lat' dir='ltr'>lgitui</span> <span class='ocrx_word' id='word_1_248' title='bbox 1475 2161 1546 2204; x_wconf 90' lang='lat' dir='ltr'>cum</span> <span class='ocrx_word' id='word_1_249' title='bbox 1581 2142 1833 2218; x_wconf 78' lang='lat' dir='ltr'>multiplicantur</span> 
     </span>
     <span class='ocr_line' id='line_1_22' title="bbox 277 2187 1827 2308; baseline 0.001 -26"><span class='ocrx_word' id='word_1_250' title='bbox 277 2225 391 2294; x_wconf 62' lang='grc' dir='ltr'>ὼῃωι</span> <span class='ocrx_word' id='word_1_251' title='bbox 407 2225 547 2293; x_wconf 50' lang='lat' dir='ltr'>necteria·</span> <span class='ocrx_word' id='word_1_252' title='bbox 568 2187 716 2300; x_wconf 72' lang='lat' dir='ltr'>lnffrrpiis</span> <span class='ocrx_word' id='word_1_253' title='bbox 732 2231 769 2280; x_wconf 93' lang='lat' dir='ltr'>ut</span> <span class='ocrx_word' id='word_1_254' title='bbox 787 2217 1036 2306; x_wconf 77' lang='lat' dir='ltr'>exconmunica-</span> <span class='ocrx_word' id='word_1_255' title='bbox 1069 2213 1313 2308; x_wconf 76' lang='lat' dir='ltr'>tianlgrell‘iones</span> <span class='ocrx_word' id='word_1_256' title='bbox 1342 2263 1351 2293; x_wconf 92' lang='lat'>,</span> <span class='ocrx_word' id='word_1_257' title='bbox 1382 2218 1629 2296; x_wconf 85' lang='lat' dir='ltr'>multiplicantur</span> <span class='ocrx_word' id='word_1_258' title='bbox 1665 2219 1827 2288; x_wconf 81' lang='lat' dir='ltr'>censurae.</span> 
     </span>
     <span class='ocr_line' id='line_1_23' title="bbox 279 2293 1831 2382; baseline -0.004 -10"><span class='ocrx_word' id='word_1_259' title='bbox 279 2309 324 2370; x_wconf 87' lang='lat' dir='ltr'>ti.</span> <span class='ocrx_word' id='word_1_260' title='bbox 344 2305 429 2374; x_wconf 82' lang='lat' dir='ltr'>Hinc</span> <span class='ocrx_word' id='word_1_261' title='bbox 450 2307 561 2382; x_wconf 80' lang='lat' dir='ltr'>aliquit</span> <span class='ocrx_word' id='word_1_262' title='bbox 576 2303 674 2368; x_wconf 89' lang='lat' dir='ltr'>etiam</span> <span class='ocrx_word' id='word_1_263' title='bbox 689 2299 751 2362; x_wconf 85' lang='lat' dir='ltr'>sine</span> <span class='ocrx_word' id='word_1_264' title='bbox 767 2313 895 2372; x_wconf 86' lang='lat' dir='ltr'>peccaro</span> <span class='ocrx_word' id='word_1_265' title='bbox 915 2311 1036 2372; x_wconf 86' lang='lat' dir='ltr'>proprio</span> <span class='ocrx_word' id='word_1_266' title='bbox 1067 2293 1319 2372; x_wconf 74' lang='lat' dir='ltr'>Multiplicentur</span> <span class='ocrx_word' id='word_1_267' title='bbox 1340 2315 1415 2362; x_wconf 83' lang='lat' dir='ltr'>vero</span> <span class='ocrx_word' id='word_1_268' title='bbox 1438 2297 1679 2382; x_wconf 77' lang='lat' dir='ltr'>iianlgtellionet</span> <span class='ocrx_word' id='word_1_269' title='bbox 1695 2305 1747 2369; x_wconf 89' lang='lat' dir='ltr'>vel</span> <span class='ocrx_word' id='word_1_270' title='bbox 1766 2301 1831 2382; x_wconf 91' lang='lat' dir='ltr'>lpe-</span> 
     </span>
     <span class='ocr_line' id='line_1_24' title="bbox 277 2373 1701 2464; baseline -0.007 -12"><span class='ocrx_word' id='word_1_271' title='bbox 277 2383 466 2464; x_wconf 84' lang='lat' dir='ltr'>iuspendiiui</span> <span class='ocrx_word' id='word_1_272' title='bbox 484 2435 493 2464; x_wconf 98' lang='lat'>,</span> <span class='ocrx_word' id='word_1_273' title='bbox 513 2383 589 2450; x_wconf 82' lang='lat' dir='ltr'>licut</span> <span class='ocrx_word' id='word_1_274' title='bbox 609 2381 644 2448; x_wconf 69' lang='grc' dir='ltr'>ἃ</span> <span class='ocrx_word' id='word_1_275' title='bbox 659 2399 762 2446; x_wconf 90' lang='lat' dir='ltr'>totum</span> <span class='ocrx_word' id='word_1_276' title='bbox 786 2376 927 2454; x_wconf 73' lang='lat' dir='ltr'>Regnum</span> <span class='ocrx_word' id='word_1_277' title='bbox 948 2376 1036 2452; x_wconf 85' lang='lat' dir='ltr'>poni·</span> <span class='ocrx_word' id='word_1_278' title='bbox 1068 2373 1179 2454; x_wconf 84' lang='lat' dir='ltr'>cifice,</span> <span class='ocrx_word' id='word_1_279' title='bbox 1199 2376 1250 2439; x_wconf 92' lang='lat' dir='ltr'>vel</span> <span class='ocrx_word' id='word_1_280' title='bbox 1271 2383 1442 2442; x_wconf 78' lang='lat' dir='ltr'>numeriae.</span> <span class='ocrx_word' id='word_1_281' title='bbox 1699 2387 1701 2392; x_wconf 88' lang='lat'>&#39;</span> 
     </span>
     <span class='ocr_line' id='line_1_25' title="bbox 277 2451 1828 2540; baseline -0.004 -8"><span class='ocrx_word' id='word_1_282' title='bbox 277 2483 330 2532; x_wconf 90' lang='lat' dir='ltr'>tur</span> <span class='ocrx_word' id='word_1_283' title='bbox 348 2465 402 2532; x_wconf 88' lang='lat' dir='ltr'>sub</span> <span class='ocrx_word' id='word_1_284' title='bbox 430 2465 594 2532; x_wconf 73' lang='lat' dir='ltr'>interdistc</span> <span class='ocrx_word' id='word_1_285' title='bbox 621 2459 660 2528; x_wconf 88' lang='lat' dir='ltr'>ob</span> <span class='ocrx_word' id='word_1_286' title='bbox 681 2475 843 2538; x_wconf 85' lang='lat' dir='ltr'>peccatum</span> <span class='ocrx_word' id='word_1_287' title='bbox 864 2457 954 2534; x_wconf 69' lang='lat' dir='ltr'>Regii</span> <span class='ocrx_word' id='word_1_288' title='bbox 972 2501 982 2532; x_wconf 96' lang='lat'>,</span> <span class='ocrx_word' id='word_1_289' title='bbox 1000 2451 1037 2518; x_wconf 84' lang='lat'>&amp;-</span> <span class='ocrx_word' id='word_1_290' title='bbox 1107 2455 1248 2520; x_wconf 83' lang='lat' dir='ltr'>Diiiimus</span> <span class='ocrx_word' id='word_1_291' title='bbox 1264 2459 1450 2524; x_wconf 71' lang='lat' dir='ltr'>cummuni</span> <span class='ocrx_word' id='word_1_292' title='bbox 1466 2461 1694 2540; x_wconf 77' lang='lat' dir='ltr'>interruptione,</span> <span class='ocrx_word' id='word_1_293' title='bbox 1715 2462 1828 2540; x_wconf 77' lang='lat' dir='ltr'>quiesi</span> 
     </span>
     <span class='ocr_line' id='line_1_26' title="bbox 276 2533 1830 2627; baseline -0.001 -21"><span class='ocrx_word' id='word_1_294' title='bbox 276 2545 344 2610; x_wconf 82' lang='lat' dir='ltr'>ideo</span> <span class='ocrx_word' id='word_1_295' title='bbox 363 2567 425 2610; x_wconf 91' lang='lat' dir='ltr'>riori</span> <span class='ocrx_word' id='word_1_296' title='bbox 442 2545 486 2612; x_wconf 83' lang='lat' dir='ltr'>eil</span> <span class='ocrx_word' id='word_1_297' title='bbox 501 2545 582 2610; x_wconf 91' lang='lat' dir='ltr'>idem</span> <span class='ocrx_word' id='word_1_298' title='bbox 601 2543 638 2606; x_wconf 92' lang='lat' dir='ltr'>de</span> <span class='ocrx_word' id='word_1_299' title='bbox 652 2539 994 2627; x_wconf 78' lang='lat' dir='ltr'>excommunicatione.</span> <span class='ocrx_word' id='word_1_300' title='bbox 1013 2618 1017 2626; x_wconf 22' lang='lat'>⁸</span> <span class='ocrx_word' id='word_1_301' title='bbox 1069 2533 1216 2626; x_wconf 76' lang='lat' dir='ltr'>percuffio</span> <span class='ocrx_word' id='word_1_302' title='bbox 1236 2533 1291 2601; x_wconf 88' lang='lat' dir='ltr'>fiat</span> <span class='ocrx_word' id='word_1_303' title='bbox 1313 2537 1438 2617; x_wconf 82' lang='lat' dir='ltr'>laepiur,</span> <span class='ocrx_word' id='word_1_304' title='bbox 1461 2539 1507 2602; x_wconf 87' lang='lat' dir='ltr'>led</span> <span class='ocrx_word' id='word_1_305' title='bbox 1524 2539 1687 2606; x_wconf 84' lang='lat' dir='ltr'>lucccll&#39;ive</span> <span class='ocrx_word' id='word_1_306' title='bbox 1702 2539 1765 2606; x_wconf 91' lang='lat' dir='ltr'>sine</span> <span class='ocrx_word' id='word_1_307' title='bbox 1785 2545 1830 2605; x_wconf 91' lang='lat' dir='ltr'>in-</span> 
     </span>
     <span class='ocr_line' id='line_1_27' title="bbox 315 2617 1830 2703; baseline -0.004 -13"><span class='ocrx_word' id='word_1_308' title='bbox 315 2625 404 2692; x_wconf 86' lang='lat' dir='ltr'>Nota</span> <span class='ocrx_word' id='word_1_309' title='bbox 423 2647 449 2690; x_wconf 89' lang='lat' dir='ltr'>r.</span> <span class='ocrx_word' id='word_1_310' title='bbox 465 2625 545 2703; x_wconf 80' lang='lat' dir='ltr'>quod</span> <span class='ocrx_word' id='word_1_311' title='bbox 564 2619 691 2690; x_wconf 82' lang='lat' dir='ltr'>censura</span> <span class='ocrx_word' id='word_1_312' title='bbox 705 2633 1035 2682; x_wconf 76' lang='lat' dir='ltr'>excommunicationis</span> <span class='ocrx_word' id='word_1_313' title='bbox 1070 2633 1249 2690; x_wconf 78' lang='lat' dir='ltr'>irruptione</span> <span class='ocrx_word' id='word_1_314' title='bbox 1270 2617 1378 2678; x_wconf 87' lang='lat' dir='ltr'>morali</span> <span class='ocrx_word' id='word_1_315' title='bbox 1397 2663 1405 2692; x_wconf 94' lang='lat'>‚</span> <span class='ocrx_word' id='word_1_316' title='bbox 1430 2623 1525 2682; x_wconf 88' lang='lat' dir='ltr'>unica</span> <span class='ocrx_word' id='word_1_317' title='bbox 1543 2622 1710 2684; x_wconf 80' lang='lat' dir='ltr'>incurritur</span> <span class='ocrx_word' id='word_1_318' title='bbox 1725 2619 1830 2686; x_wconf 84' lang='lat' dir='ltr'>ceolu-</span> 
     </span>
     <span class='ocr_line' id='line_1_28' title="bbox 218 2691 1829 2782; baseline -0.002 -12"><span class='ocrx_word' id='word_1_319' title='bbox 218 2713 229 2738; x_wconf 88' lang='lat'>&#39;</span> <span class='ocrx_word' id='word_1_320' title='bbox 272 2705 341 2772; x_wconf 87' lang='lat' dir='ltr'>lata</span> <span class='ocrx_word' id='word_1_321' title='bbox 363 2705 567 2778; x_wconf 84' lang='lat' dir='ltr'>aPontifice,</span> <span class='ocrx_word' id='word_1_322' title='bbox 589 2699 640 2766; x_wconf 83' lang='lat' dir='ltr'>vel</span> <span class='ocrx_word' id='word_1_323' title='bbox 656 2699 695 2764; x_wconf 80' lang='lat' dir='ltr'>alr</span> <span class='ocrx_word' id='word_1_324' title='bbox 710 2699 772 2762; x_wconf 90' lang='lat' dir='ltr'>alio</span> <span class='ocrx_word' id='word_1_325' title='bbox 787 2695 1036 2770; x_wconf 85' lang='lat' dir='ltr'>Superiorecoo·</span> <span class='ocrx_word' id='word_1_326' title='bbox 1070 2713 1122 2757; x_wconf 89' lang='lat' dir='ltr'>ra.</span> <span class='ocrx_word' id='word_1_327' title='bbox 1153 2691 1303 2756; x_wconf 78' lang='lat' dir='ltr'>Percuffio</span> <span class='ocrx_word' id='word_1_328' title='bbox 1317 2697 1418 2782; x_wconf 85' lang='lat' dir='ltr'>enim,</span> <span class='ocrx_word' id='word_1_329' title='bbox 1447 2717 1507 2762; x_wconf 90' lang='lat' dir='ltr'>non</span> <span class='ocrx_word' id='word_1_330' title='bbox 1531 2697 1615 2764; x_wconf 86' lang='lat' dir='ltr'>lecui</span> <span class='ocrx_word' id='word_1_331' title='bbox 1637 2719 1673 2766; x_wconf 89' lang='lat' dir='ltr'>ac</span> <span class='ocrx_word' id='word_1_332' title='bbox 1693 2696 1829 2778; x_wconf 90' lang='lat' dir='ltr'>furtum,</span> 
     </span>
     <span class='ocr_line' id='line_1_29' title="bbox 271 2772 1830 2854; baseline -0.013 -3"><span class='ocrx_word' id='word_1_333' title='bbox 271 2805 328 2852; x_wconf 90' lang='lat' dir='ltr'>tra</span> <span class='ocrx_word' id='word_1_334' title='bbox 345 2785 612 2848; x_wconf 88' lang='lat' dir='ltr'>Communitaiem</span> <span class='ocrx_word' id='word_1_335' title='bbox 627 2775 683 2844; x_wconf 85' lang='lat' dir='ltr'>abs</span> <span class='ocrx_word' id='word_1_336' title='bbox 695 2793 736 2840; x_wconf 91' lang='lat' dir='ltr'>ue</span> <span class='ocrx_word' id='word_1_337' title='bbox 756 2772 943 2850; x_wconf 72' lang='lat' dir='ltr'>procedenti</span> <span class='ocrx_word' id='word_1_338' title='bbox 961 2789 1037 2835; x_wconf 88' lang='lat' dir='ltr'>eiia-</span> <span class='ocrx_word' id='word_1_339' title='bbox 1068 2791 1139 2835; x_wconf 89' lang='lat' dir='ltr'>cum</span> <span class='ocrx_word' id='word_1_340' title='bbox 1154 2789 1271 2836; x_wconf 89' lang='lat' dir='ltr'>certam</span> <span class='ocrx_word' id='word_1_341' title='bbox 1291 2774 1449 2854; x_wconf 82' lang='lat' dir='ltr'>delinitam</span> <span class='ocrx_word' id='word_1_342' title='bbox 1469 2777 1679 2844; x_wconf 78' lang='lat' dir='ltr'>extensionem</span> <span class='ocrx_word' id='word_1_343' title='bbox 1695 2799 1758 2844; x_wconf 93' lang='lat' dir='ltr'>non</span> <span class='ocrx_word' id='word_1_344' title='bbox 1776 2780 1830 2846; x_wconf 90' lang='lat' dir='ltr'>ha.</span> 
     </span>
     <span class='ocr_line' id='line_1_30' title="bbox 268 2796 1733 3008; baseline -0.003 -2"><span class='ocrx_word' id='word_1_345' title='bbox 268 2867 458 3008; x_wconf 64' lang='lat' dir='ltr'>aeni</span> <span class='ocrx_word' id='word_1_346' title='bbox 478 2796 956 3008; x_wconf 57' lang='lat' dir='ltr'>milo</span> <span class='ocrx_word' id='word_1_347' title='bbox 970 2870 1035 2992; x_wconf 75' lang='lat' dir='ltr'>ti</span> <span class='ocrx_word' id='word_1_348' title='bbox 1069 2851 1404 3007; x_wconf 55' lang='lat' dir='ltr'>tintinnalia</span> <span class='ocrx_word' id='word_1_349' title='bbox 1422 2857 1733 3004; x_wconf 63' lang='lat' dir='ltr'>nitent</span> 
     </span>
     <span class='ocr_line' id='line_1_31' title="bbox 284 2961 1827 3008; baseline -0.001 0"><span class='ocrx_word' id='word_1_350' title='bbox 284 2961 330 3008; x_wconf 74' lang='grc' dir='ltr'>ΟΠ</span> <span class='ocrx_word' id='word_1_351' title='bbox 384 2961 466 3006; x_wconf 64' lang='lat' dir='ltr'>llll!</span> <span class='ocrx_word' id='word_1_352' title='bbox 950 2977 959 3006; x_wconf 84' lang='lat' dir='ltr'>a</span> <span class='ocrx_word' id='word_1_353' title='bbox 1324 2980 1333 3008; x_wconf 82' lang='lat' dir='ltr'>r</span> <span class='ocrx_word' id='word_1_354' title='bbox 1720 2961 1827 3006; x_wconf 64' lang='lat' dir='ltr'>umero</span> 
     </span>
     <span class='ocr_line' id='line_1_32' title="bbox 270 3009 1827 3096; baseline 0.003 -16"><span class='ocrx_word' id='word_1_355' title='bbox 270 3041 339 3088; x_wconf 82' lang='lat' dir='ltr'>non</span> <span class='ocrx_word' id='word_1_356' title='bbox 353 3017 452 3086; x_wconf 86' lang='lat' dir='ltr'>solun</span> <span class='ocrx_word' id='word_1_357' title='bbox 467 3019 577 3082; x_wconf 86' lang='lat' dir='ltr'>illicita</span> <span class='ocrx_word' id='word_1_358' title='bbox 595 3063 606 3096; x_wconf 97' lang='lat'>,</span> <span class='ocrx_word' id='word_1_359' title='bbox 636 3013 685 3078; x_wconf 89' lang='lat' dir='ltr'>sed</span> <span class='ocrx_word' id='word_1_360' title='bbox 702 3011 787 3074; x_wconf 88' lang='lat' dir='ltr'>iimul</span> <span class='ocrx_word' id='word_1_361' title='bbox 814 3009 951 3074; x_wconf 83' lang='lat' dir='ltr'>invalida</span> <span class='ocrx_word' id='word_1_362' title='bbox 969 3057 979 3085; x_wconf 92' lang='lat'>,</span> <span class='ocrx_word' id='word_1_363' title='bbox 999 3029 1034 3072; x_wconf 87' lang='lat' dir='ltr'>ac</span> <span class='ocrx_word' id='word_1_364' title='bbox 1069 3026 1249 3088; x_wconf 84' lang='lat' dir='ltr'>reputatur,</span> <span class='ocrx_word' id='word_1_365' title='bbox 1264 3011 1359 3076; x_wconf 90' lang='lat' dir='ltr'>donec</span> <span class='ocrx_word' id='word_1_366' title='bbox 1374 3009 1534 3080; x_wconf 86' lang='lat' dir='ltr'>moraliter</span> <span class='ocrx_word' id='word_1_367' title='bbox 1543 3017 1637 3082; x_wconf 86' lang='lat' dir='ltr'>cesset</span> <span class='ocrx_word' id='word_1_368' title='bbox 1649 3014 1827 3086; x_wconf 84' lang='lat' dir='ltr'>leudiscon·</span> 
     </span>
     <span class='ocr_line' id='line_1_33' title="bbox 274 3087 1828 3181; baseline 0.001 -17"><span class='ocrx_word' id='word_1_369' title='bbox 274 3099 405 3180; x_wconf 82' lang='lat' dir='ltr'>proinde</span> <span class='ocrx_word' id='word_1_370' title='bbox 421 3117 481 3161; x_wconf 91' lang='lat' dir='ltr'>non</span> <span class='ocrx_word' id='word_1_371' title='bbox 498 3091 729 3173; x_wconf 84' lang='lat' dir='ltr'>comprehendit</span> <span class='ocrx_word' id='word_1_372' title='bbox 758 3109 815 3180; x_wconf 86' lang='lat' dir='ltr'>nec</span> <span class='ocrx_word' id='word_1_373' title='bbox 841 3087 917 3181; x_wconf 80' lang='lat' dir='ltr'>iploa</span> <span class='ocrx_word' id='word_1_374' title='bbox 936 3087 1034 3180; x_wconf 83' lang='lat' dir='ltr'>deliri·</span> <span class='ocrx_word' id='word_1_375' title='bbox 1068 3094 1223 3154; x_wconf 91' lang='lat' dir='ltr'>tinuetur.</span> <span class='ocrx_word' id='word_1_376' title='bbox 1247 3089 1367 3157; x_wconf 85' lang='lat' dir='ltr'>Contra</span> <span class='ocrx_word' id='word_1_377' title='bbox 1382 3115 1458 3161; x_wconf 82' lang='lat' dir='ltr'>veto</span> <span class='ocrx_word' id='word_1_378' title='bbox 1477 3099 1527 3172; x_wconf 85' lang='lat' dir='ltr'>qui</span> <span class='ocrx_word' id='word_1_379' title='bbox 1549 3093 1657 3175; x_wconf 84' lang='lat' dir='ltr'>lrepiur</span> <span class='ocrx_word' id='word_1_380' title='bbox 1674 3102 1772 3164; x_wconf 91' lang='lat' dir='ltr'>etiam</span> <span class='ocrx_word' id='word_1_381' title='bbox 1791 3098 1828 3164; x_wconf 83' lang='lat' dir='ltr'>fi·</span> 
     </span>
     <span class='ocr_line' id='line_1_34' title="bbox 275 3169 1829 3258; baseline -0.001 -14"><span class='ocrx_word' id='word_1_382' title='bbox 275 3196 425 3258; x_wconf 83' lang='lat' dir='ltr'>quenies;</span> <span class='ocrx_word' id='word_1_383' title='bbox 446 3179 515 3254; x_wconf 88' lang='lat' dir='ltr'>quia</span> <span class='ocrx_word' id='word_1_384' title='bbox 532 3169 735 3238; x_wconf 87' lang='lat' dir='ltr'>huiuscemodi</span> <span class='ocrx_word' id='word_1_385' title='bbox 756 3175 911 3233; x_wconf 88' lang='lat' dir='ltr'>lenientia</span> <span class='ocrx_word' id='word_1_386' title='bbox 931 3186 1033 3232; x_wconf 87' lang='lat' dir='ltr'>conti·</span> <span class='ocrx_word' id='word_1_387' title='bbox 1067 3189 1107 3232; x_wconf 85' lang='lat' dir='ltr'>ne</span> <span class='ocrx_word' id='word_1_388' title='bbox 1136 3170 1358 3236; x_wconf 82' lang='lat' dir='ltr'>inienniffione</span> <span class='ocrx_word' id='word_1_389' title='bbox 1392 3171 1561 3240; x_wconf 83' lang='lat' dir='ltr'>fornicatur</span> <span class='ocrx_word' id='word_1_390' title='bbox 1592 3199 1663 3242; x_wconf 91' lang='lat' dir='ltr'>cum</span> <span class='ocrx_word' id='word_1_391' title='bbox 1701 3181 1829 3258; x_wconf 89' lang='lat' dir='ltr'>eadem,</span> 
     </span>
     <span class='ocr_line' id='line_1_35' title="bbox 273 3251 1827 3342; baseline -0.001 -19"><span class='ocrx_word' id='word_1_392' title='bbox 273 3273 329 3323; x_wconf 88' lang='lat' dir='ltr'>net</span> <span class='ocrx_word' id='word_1_393' title='bbox 343 3253 570 3322; x_wconf 87' lang='lat' dir='ltr'>intolerabilem</span> <span class='ocrx_word' id='word_1_394' title='bbox 588 3271 724 3316; x_wconf 86' lang='lat' dir='ltr'>errorem</span> <span class='ocrx_word' id='word_1_395' title='bbox 748 3267 857 3314; x_wconf 85' lang='lat' dir='ltr'>contra</span> <span class='ocrx_word' id='word_1_396' title='bbox 883 3268 931 3310; x_wconf 84' lang='lat' dir='ltr'>iur</span> <span class='ocrx_word' id='word_1_397' title='bbox 950 3251 1032 3342; x_wconf 78' lang='lat' dir='ltr'>divi·</span> <span class='ocrx_word' id='word_1_398' title='bbox 1066 3251 1166 3327; x_wconf 84' lang='lat' dir='ltr'>plures</span> <span class='ocrx_word' id='word_1_399' title='bbox 1186 3254 1386 3316; x_wconf 85' lang='lat' dir='ltr'>contraheret</span> <span class='ocrx_word' id='word_1_400' title='bbox 1406 3251 1547 3319; x_wconf 85' lang='lat' dir='ltr'>censurat</span> <span class='ocrx_word' id='word_1_401' title='bbox 1569 3261 1666 3333; x_wconf 86' lang='lat' dir='ltr'>,quia</span> <span class='ocrx_word' id='word_1_402' title='bbox 1691 3253 1827 3322; x_wconf 82' lang='lat' dir='ltr'>fornica·</span> 
     </span>
     <span class='ocr_line' id='line_1_36' title="bbox 275 3323 1828 3412; baseline 0 -12"><span class='ocrx_word' id='word_1_403' title='bbox 275 3357 348 3402; x_wconf 86' lang='lat' dir='ltr'>num</span> <span class='ocrx_word' id='word_1_404' title='bbox 371 3335 407 3402; x_wconf 70' lang='lat' dir='ltr'>dt</span> <span class='ocrx_word' id='word_1_405' title='bbox 436 3333 606 3410; x_wconf 86' lang='lat' dir='ltr'>naturale,</span> <span class='ocrx_word' id='word_1_406' title='bbox 635 3345 745 3407; x_wconf 91' lang='lat' dir='ltr'>utpote</span> <span class='ocrx_word' id='word_1_407' title='bbox 771 3347 839 3404; x_wconf 79' lang='lat' dir='ltr'>quae</span> <span class='ocrx_word' id='word_1_408' title='bbox 866 3323 1031 3392; x_wconf 71' lang='lat' dir='ltr'>indillinste</span> <span class='ocrx_word' id='word_1_409' title='bbox 1067 3333 1114 3392; x_wconf 90' lang='lat' dir='ltr'>tio</span> <span class='ocrx_word' id='word_1_410' title='bbox 1129 3333 1295 3394; x_wconf 89' lang='lat' dir='ltr'>terminum</span> <span class='ocrx_word' id='word_1_411' title='bbox 1315 3329 1407 3396; x_wconf 88' lang='lat' dir='ltr'>habet</span> <span class='ocrx_word' id='word_1_412' title='bbox 1423 3333 1605 3409; x_wconf 89' lang='lat' dir='ltr'>delinitum,</span> <span class='ocrx_word' id='word_1_413' title='bbox 1626 3338 1657 3396; x_wconf 90' lang='lat' dir='ltr'>in</span> <span class='ocrx_word' id='word_1_414' title='bbox 1678 3355 1737 3412; x_wconf 84' lang='lat' dir='ltr'>quo</span> <span class='ocrx_word' id='word_1_415' title='bbox 1752 3357 1828 3400; x_wconf 86' lang='lat' dir='ltr'>con·</span> 
     </span>
     <span class='ocr_line' id='line_1_37' title="bbox 276 3407 1825 3496; baseline -0.003 -16"><span class='ocrx_word' id='word_1_416' title='bbox 276 3413 391 3482; x_wconf 82' lang='lat' dir='ltr'>feratur</span> <span class='ocrx_word' id='word_1_417' title='bbox 405 3431 516 3480; x_wconf 90' lang='lat' dir='ltr'>contra</span> <span class='ocrx_word' id='word_1_418' title='bbox 536 3433 605 3476; x_wconf 79' lang='lat' dir='ltr'>reue</span> <span class='ocrx_word' id='word_1_419' title='bbox 620 3409 653 3474; x_wconf 74' lang='lat' dir='ltr'>dt</span> <span class='ocrx_word' id='word_1_420' title='bbox 669 3412 874 3496; x_wconf 77' lang='lat' dir='ltr'>innocenter,</span> <span class='ocrx_word' id='word_1_421' title='bbox 896 3411 946 3482; x_wconf 87' lang='lat' dir='ltr'>qui</span> <span class='ocrx_word' id='word_1_422' title='bbox 963 3427 1032 3470; x_wconf 88' lang='lat' dir='ltr'>eain</span> <span class='ocrx_word' id='word_1_423' title='bbox 1066 3407 1253 3486; x_wconf 81' lang='lat' dir='ltr'>luminatur,</span> <span class='ocrx_word' id='word_1_424' title='bbox 1273 3409 1306 3472; x_wconf 72' lang='lat' dir='ltr'>dc</span> <span class='ocrx_word' id='word_1_425' title='bbox 1326 3414 1375 3485; x_wconf 89' lang='lat' dir='ltr'>qui</span> <span class='ocrx_word' id='word_1_426' title='bbox 1398 3413 1524 3487; x_wconf 87' lang='lat' dir='ltr'>proinde</span> <span class='ocrx_word' id='word_1_427' title='bbox 1544 3412 1658 3490; x_wconf 77' lang='lat' dir='ltr'>pluries</span> <span class='ocrx_word' id='word_1_428' title='bbox 1679 3419 1751 3490; x_wconf 89' lang='lat' dir='ltr'>poni</span> <span class='ocrx_word' id='word_1_429' title='bbox 1774 3435 1825 3477; x_wconf 87' lang='lat' dir='ltr'>ne·</span> 
     </span>
     <span class='ocr_line' id='line_1_38' title="bbox 276 3483 1827 3568; baseline -0.001 -10"><span class='ocrx_word' id='word_1_430' title='bbox 276 3495 393 3560; x_wconf 86' lang='lat' dir='ltr'>nullam</span> <span class='ocrx_word' id='word_1_431' title='bbox 414 3495 530 3559; x_wconf 87' lang='lat' dir='ltr'>idcirco</span> <span class='ocrx_word' id='word_1_432' title='bbox 548 3489 674 3554; x_wconf 88' lang='lat' dir='ltr'>reddit.</span> <span class='ocrx_word' id='word_1_433' title='bbox 704 3489 794 3560; x_wconf 89' lang='lat' dir='ltr'>Quod</span> <span class='ocrx_word' id='word_1_434' title='bbox 811 3486 832 3547; x_wconf 94' lang='lat' dir='ltr'>li</span> <span class='ocrx_word' id='word_1_435' title='bbox 853 3483 933 3550; x_wconf 74' lang='lat' dir='ltr'>fallo</span> <span class='ocrx_word' id='word_1_436' title='bbox 952 3485 1032 3548; x_wconf 89' lang='lat' dir='ltr'>debi-</span> <span class='ocrx_word' id='word_1_437' title='bbox 1066 3491 1160 3565; x_wconf 85' lang='lat' dir='ltr'>quit,</span> <span class='ocrx_word' id='word_1_438' title='bbox 1188 3491 1261 3564; x_wconf 89' lang='lat' dir='ltr'>quin</span> <span class='ocrx_word' id='word_1_439' title='bbox 1292 3488 1379 3564; x_wconf 86' lang='lat' dir='ltr'>plura</span> <span class='ocrx_word' id='word_1_440' title='bbox 1400 3510 1528 3554; x_wconf 89' lang='lat' dir='ltr'>numero</span> <span class='ocrx_word' id='word_1_441' title='bbox 1558 3509 1681 3567; x_wconf 80' lang='lat' dir='ltr'>peccata</span> <span class='ocrx_word' id='word_1_442' title='bbox 1708 3513 1827 3568; x_wconf 81' lang='lat' dir='ltr'>ponam</span> 
     </span>
     <span class='ocr_line' id='line_1_39' title="bbox 277 3565 1826 3651; baseline -0.001 -11"><span class='ocrx_word' id='word_1_443' title='bbox 277 3593 312 3644; x_wconf 86' lang='lat' dir='ltr'>to</span> <span class='ocrx_word' id='word_1_444' title='bbox 330 3577 596 3640; x_wconf 77' lang='lat' dir='ltr'>examinacione·</span> <span class='ocrx_word' id='word_1_445' title='bbox 610 3569 693 3632; x_wconf 83' lang='lat' dir='ltr'>illiue</span> <span class='ocrx_word' id='word_1_446' title='bbox 711 3565 950 3630; x_wconf 80' lang='lat' dir='ltr'>communicaris</span> <span class='ocrx_word' id='word_1_447' title='bbox 968 3566 1033 3628; x_wconf 91' lang='lat' dir='ltr'>cul·</span> <span class='ocrx_word' id='word_1_448' title='bbox 1067 3585 1133 3630; x_wconf 89' lang='lat' dir='ltr'>tur.</span> <span class='ocrx_word' id='word_1_449' title='bbox 1155 3567 1237 3630; x_wconf 83' lang='lat' dir='ltr'>Hinc</span> <span class='ocrx_word' id='word_1_450' title='bbox 1258 3567 1333 3630; x_wconf 91' lang='lat' dir='ltr'>licet</span> <span class='ocrx_word' id='word_1_451' title='bbox 1350 3571 1753 3650; x_wconf 76' lang='lat' dir='ltr'>percutiens-Sacerdotem,</span> <span class='ocrx_word' id='word_1_452' title='bbox 1771 3574 1826 3651; x_wconf 90' lang='lat' dir='ltr'>qui</span> 
     </span>
     <span class='ocr_line' id='line_1_40' title="bbox 277 3644 1826 3734; baseline -0.002 -14"><span class='ocrx_word' id='word_1_453' title='bbox 277 3659 338 3728; x_wconf 89' lang='lat' dir='ltr'>pati</span> <span class='ocrx_word' id='word_1_454' title='bbox 360 3657 570 3734; x_wconf 81' lang='lat' dir='ltr'>reperiantur,</span> <span class='ocrx_word' id='word_1_455' title='bbox 597 3645 737 3714; x_wconf 84' lang='lat' dir='ltr'>licite&amp;</span> <span class='ocrx_word' id='word_1_456' title='bbox 754 3645 857 3710; x_wconf 87' lang='lat' dir='ltr'>ralide</span> <span class='ocrx_word' id='word_1_457' title='bbox 873 3644 994 3720; x_wconf 83' lang='lat' dir='ltr'>polium</span> <span class='ocrx_word' id='word_1_458' title='bbox 1016 3667 1033 3710; x_wconf 88' lang='lat' dir='ltr'>a</span> <span class='ocrx_word' id='word_1_459' title='bbox 1067 3645 1152 3709; x_wconf 80' lang='lat' dir='ltr'>simul</span> <span class='ocrx_word' id='word_1_460' title='bbox 1174 3645 1329 3710; x_wconf 85' lang='lat' dir='ltr'>Diaconur</span> <span class='ocrx_word' id='word_1_461' title='bbox 1358 3645 1400 3710; x_wconf 90' lang='lat' dir='ltr'>ell</span> <span class='ocrx_word' id='word_1_462' title='bbox 1429 3649 1710 3730; x_wconf 52' lang='lat' dir='ltr'>&amp;subdiaconum</span> <span class='ocrx_word' id='word_1_463' title='bbox 1733 3673 1826 3718; x_wconf 87' lang='lat' dir='ltr'>unam</span> 
     </span>
     <span class='ocr_line' id='line_1_41' title="bbox 275 3726 1824 3813; baseline -0.003 -13"><span class='ocrx_word' id='word_1_464' title='bbox 275 3733 397 3800; x_wconf 73' lang='lat' dir='ltr'>Summo</span> <span class='ocrx_word' id='word_1_465' title='bbox 411 3729 562 3798; x_wconf 83' lang='lat' dir='ltr'>Pontifice</span> <span class='ocrx_word' id='word_1_466' title='bbox 580 3726 859 3813; x_wconf 75' lang='lat' dir='ltr'>excommunicari3</span> <span class='ocrx_word' id='word_1_467' title='bbox 879 3727 950 3800; x_wconf 87' lang='lat' dir='ltr'>quia</span> <span class='ocrx_word' id='word_1_468' title='bbox 969 3745 1031 3788; x_wconf 91' lang='lat' dir='ltr'>non</span> <span class='ocrx_word' id='word_1_469' title='bbox 1066 3742 1191 3790; x_wconf 88' lang='lat' dir='ltr'>tantum</span> <span class='ocrx_word' id='word_1_470' title='bbox 1210 3731 1347 3792; x_wconf 88' lang='lat' dir='ltr'>incurrat</span> <span class='ocrx_word' id='word_1_471' title='bbox 1361 3727 1538 3808; x_wconf 79' lang='lat' dir='ltr'>censuram,</span> <span class='ocrx_word' id='word_1_472' title='bbox 1558 3735 1632 3805; x_wconf 86' lang='lat' dir='ltr'>quia</span> <span class='ocrx_word' id='word_1_473' title='bbox 1648 3754 1740 3796; x_wconf 90' lang='lat' dir='ltr'>unam</span> <span class='ocrx_word' id='word_1_474' title='bbox 1756 3751 1824 3797; x_wconf 83' lang='lat' dir='ltr'>tan·</span> 
     </span>
     <span class='ocr_line' id='line_1_42' title="bbox 272 3803 1824 3883; baseline 0.001 -9"><span class='ocrx_word' id='word_1_475' title='bbox 272 3815 337 3878; x_wconf 82' lang='lat' dir='ltr'>arii·</span> <span class='ocrx_word' id='word_1_476' title='bbox 348 3817 415 3878; x_wconf 92' lang='lat' dir='ltr'>iure</span> <span class='ocrx_word' id='word_1_477' title='bbox 430 3831 550 3880; x_wconf 84' lang='lat' dir='ltr'>natutae</span> <span class='ocrx_word' id='word_1_478' title='bbox 567 3810 696 3883; x_wconf 85' lang='lat' dir='ltr'>illicita,</span> <span class='ocrx_word' id='word_1_479' title='bbox 716 3807 765 3870; x_wconf 88' lang='lat' dir='ltr'>led</span> <span class='ocrx_word' id='word_1_480' title='bbox 781 3805 878 3868; x_wconf 85' lang='lat' dir='ltr'>loluni</span> <span class='ocrx_word' id='word_1_481' title='bbox 893 3811 960 3866; x_wconf 88' lang='lat' dir='ltr'>iure</span> <span class='ocrx_word' id='word_1_482' title='bbox 976 3803 1032 3870; x_wconf 84' lang='lat' dir='ltr'>Et·</span> <span class='ocrx_word' id='word_1_483' title='bbox 1066 3823 1136 3872; x_wconf 91' lang='lat' dir='ltr'>tum</span> <span class='ocrx_word' id='word_1_484' title='bbox 1147 3807 1385 3872; x_wconf 82' lang='lat' dir='ltr'>irreverentiam</span> <span class='ocrx_word' id='word_1_485' title='bbox 1404 3813 1695 3877; x_wconf 88' lang='lat' dir='ltr'>committitconira</span> <span class='ocrx_word' id='word_1_486' title='bbox 1711 3811 1824 3876; x_wconf 86' lang='lat' dir='ltr'>llatiiia</span> 
     </span>
     <span class='ocr_line' id='line_1_43' title="bbox 274 3884 1864 3974; baseline -0.003 -16"><span class='ocrx_word' id='word_1_487' title='bbox 274 3891 435 3958; x_wconf 79' lang='lat' dir='ltr'>cleliaiiico</span> <span class='ocrx_word' id='word_1_488' title='bbox 447 3941 455 3968; x_wconf 96' lang='lat'>,</span> <span class='ocrx_word' id='word_1_489' title='bbox 467 3889 547 3968; x_wconf 87' lang='lat' dir='ltr'>quod</span> <span class='ocrx_word' id='word_1_490' title='bbox 559 3884 727 3952; x_wconf 88' lang='lat' dir='ltr'>·observare</span> <span class='ocrx_word' id='word_1_491' title='bbox 743 3905 804 3948; x_wconf 87' lang='lat' dir='ltr'>non</span> <span class='ocrx_word' id='word_1_492' title='bbox 815 3902 939 3948; x_wconf 89' lang='lat' dir='ltr'>tenerur</span> <span class='ocrx_word' id='word_1_493' title='bbox 956 3884 1032 3948; x_wconf 87' lang='lat' dir='ltr'>Pori·</span> <span class='ocrx_word' id='word_1_494' title='bbox 1064 3885 1257 3962; x_wconf 87' lang='lat' dir='ltr'>clericalem,</span> <span class='ocrx_word' id='word_1_495' title='bbox 1279 3893 1422 3974; x_wconf 79' lang='lat' dir='ltr'>inriorem</span> <span class='ocrx_word' id='word_1_496' title='bbox 1439 3890 1561 3966; x_wconf 91' lang='lat' dir='ltr'>quidem</span> <span class='ocrx_word' id='word_1_497' title='bbox 1586 3893 1619 3954; x_wconf 91' lang='lat' dir='ltr'>in</span> <span class='ocrx_word' id='word_1_498' title='bbox 1640 3893 1824 3971; x_wconf 86' lang='lat' dir='ltr'>Sacerdote,</span> <span class='ocrx_word' id='word_1_499' title='bbox 1842 3907 1864 3941; x_wconf 78' lang='lat'>⁸</span> 
     </span>
     <span class='ocr_line' id='line_1_44' title="bbox 275 3960 1941 4048; baseline -0.001 -12"><span class='ocrx_word' id='word_1_500' title='bbox 275 3969 378 4038; x_wconf 82' lang='lat' dir='ltr'>iifeii.</span> <span class='ocrx_word' id='word_1_501' title='bbox 400 3969 491 4036; x_wconf 83' lang='lat' dir='ltr'>-Eiler</span> <span class='ocrx_word' id='word_1_502' title='bbox 507 3987 617 4034; x_wconf 85' lang='lat' dir='ltr'>tamen</span> <span class='ocrx_word' id='word_1_503' title='bbox 638 3966 750 4030; x_wconf 88' lang='lat' dir='ltr'>illicita</span> <span class='ocrx_word' id='word_1_504' title='bbox 768 3964 840 4040; x_wconf 82' lang='lat' dir='ltr'>talii</span> <span class='ocrx_word' id='word_1_505' title='bbox 857 3960 1033 4042; x_wconf 79' lang='lat' dir='ltr'>sententia,</span> <span class='ocrx_word' id='word_1_506' title='bbox 1066 3964 1113 4026; x_wconf 89' lang='lat' dir='ltr'>led</span> <span class='ocrx_word' id='word_1_507' title='bbox 1133 3985 1196 4028; x_wconf 92' lang='lat' dir='ltr'>non</span> <span class='ocrx_word' id='word_1_508' title='bbox 1220 3966 1351 4032; x_wconf 79' lang='lat' dir='ltr'>diverlae</span> <span class='ocrx_word' id='word_1_509' title='bbox 1376 3973 1485 4044; x_wconf 86' lang='lat' dir='ltr'>ipeeiei</span> <span class='ocrx_word' id='word_1_510' title='bbox 1515 3989 1551 4033; x_wconf 88' lang='lat' dir='ltr'>ac</span> <span class='ocrx_word' id='word_1_511' title='bbox 1582 3969 1603 4030; x_wconf 87' lang='lat' dir='ltr'>si</span> <span class='ocrx_word' id='word_1_512' title='bbox 1627 3971 1660 4032; x_wconf 91' lang='lat' dir='ltr'>in</span> <span class='ocrx_word' id='word_1_513' title='bbox 1682 3971 1825 4048; x_wconf 87' lang='lat' dir='ltr'>Clerico,</span> <span class='ocrx_word' id='word_1_514' title='bbox 1919 3979 1941 4008; x_wconf 83' lang='lat'>‘-</span> 
     </span>
     <span class='ocr_line' id='line_1_45' title="bbox 277 4039 1824 4128; baseline -0.001 -12"><span class='ocrx_word' id='word_1_515' title='bbox 277 4055 346 4120; x_wconf 68' lang='lat' dir='ltr'>lket</span> <span class='ocrx_word' id='word_1_516' title='bbox 368 4051 500 4128; x_wconf 86' lang='lat' dir='ltr'>valida,</span> <span class='ocrx_word' id='word_1_517' title='bbox 531 4046 553 4112; x_wconf 90' lang='lat' dir='ltr'>li</span> <span class='ocrx_word' id='word_1_518' title='bbox 578 4046 617 4112; x_wconf 88' lang='lat' dir='ltr'>ab</span> <span class='ocrx_word' id='word_1_519' title='bbox 636 4045 701 4108; x_wconf 90' lang='lat' dir='ltr'>alio</span> <span class='ocrx_word' id='word_1_520' title='bbox 719 4045 880 4121; x_wconf 81' lang='lat' dir='ltr'>Superiora</span> <span class='ocrx_word' id='word_1_521' title='bbox 908 4039 1039 4108; x_wconf 89' lang='lat' dir='ltr'>feratur.</span> <span class='ocrx_word' id='word_1_522' title='bbox 1066 4047 1141 4108; x_wconf 78' lang='lat' dir='ltr'>duae</span> <span class='ocrx_word' id='word_1_523' title='bbox 1161 4063 1264 4109; x_wconf 83' lang='lat' dir='ltr'>rameii</span> <span class='ocrx_word' id='word_1_524' title='bbox 1285 4045 1424 4111; x_wconf 81' lang='lat' dir='ltr'>censurat</span> <span class='ocrx_word' id='word_1_525' title='bbox 1439 4049 1660 4123; x_wconf 87' lang='lat' dir='ltr'>contraherer,</span> <span class='ocrx_word' id='word_1_526' title='bbox 1681 4045 1824 4114; x_wconf 83' lang='lat' dir='ltr'>srSacci·</span> 
     </span>
     <span class='ocr_line' id='line_1_46' title="bbox 274 4123 1824 4210; baseline -0.003 -12"><span class='ocrx_word' id='word_1_527' title='bbox 274 4151 382 4198; x_wconf 81' lang='lat' dir='ltr'>contra</span> <span class='ocrx_word' id='word_1_528' title='bbox 394 4135 552 4210; x_wconf 72' lang='lat' dir='ltr'>integram</span> <span class='ocrx_word' id='word_1_529' title='bbox 564 4125 843 4198; x_wconf 74' lang='lat' dir='ltr'>communitatem,</span> <span class='ocrx_word' id='word_1_530' title='bbox 862 4126 932 4199; x_wconf 85' lang='lat' dir='ltr'>qiiia</span> <span class='ocrx_word' id='word_1_531' title='bbox 952 4127 1031 4188; x_wconf 87' lang='lat' dir='ltr'>veti·</span> <span class='ocrx_word' id='word_1_532' title='bbox 1064 4127 1119 4188; x_wconf 88' lang='lat' dir='ltr'>dor</span> <span class='ocrx_word' id='word_1_533' title='bbox 1133 4143 1222 4200; x_wconf 83' lang='lat' dir='ltr'>quem</span> <span class='ocrx_word' id='word_1_534' title='bbox 1238 4131 1394 4204; x_wconf 89' lang='lat' dir='ltr'>percutit,</span> <span class='ocrx_word' id='word_1_535' title='bbox 1412 4123 1488 4190; x_wconf 86' lang='lat' dir='ltr'>ellet</span> <span class='ocrx_word' id='word_1_536' title='bbox 1507 4131 1603 4192; x_wconf 90' lang='lat' dir='ltr'>etiam</span> <span class='ocrx_word' id='word_1_537' title='bbox 1629 4127 1824 4208; x_wconf 81' lang='lat' dir='ltr'>Monachus,</span> 
     </span>
     <span class='ocr_line' id='line_1_47' title="bbox 275 4203 1824 4286; baseline -0.002 -11"><span class='ocrx_word' id='word_1_538' title='bbox 275 4233 305 4276; x_wconf 85' lang='lat' dir='ltr'>ia</span> <span class='ocrx_word' id='word_1_539' title='bbox 323 4204 406 4278; x_wconf 74' lang='lat' dir='ltr'>elli</span> <span class='ocrx_word' id='word_1_540' title='bbox 434 4213 502 4276; x_wconf 83' lang='lat' dir='ltr'>iure</span> <span class='ocrx_word' id='word_1_541' title='bbox 520 4207 677 4272; x_wconf 73' lang='lat' dir='ltr'>canonico</span> <span class='ocrx_word' id='word_1_542' title='bbox 704 4225 771 4278; x_wconf 83' lang='lat' dir='ltr'>cap.</span> <span class='ocrx_word' id='word_1_543' title='bbox 800 4209 901 4268; x_wconf 84' lang='lat' dir='ltr'>citato</span> <span class='ocrx_word' id='word_1_544' title='bbox 920 4209 1032 4276; x_wconf 71' lang='lat' dir='ltr'>diama-</span> <span class='ocrx_word' id='word_1_545' title='bbox 1065 4207 1135 4280; x_wconf 83' lang='lat' dir='ltr'>quia</span> <span class='ocrx_word' id='word_1_546' title='bbox 1153 4222 1228 4270; x_wconf 93' lang='lat' dir='ltr'>tunc</span> <span class='ocrx_word' id='word_1_547' title='bbox 1247 4203 1320 4268; x_wconf 82' lang='lat' dir='ltr'>duat</span> <span class='ocrx_word' id='word_1_548' title='bbox 1345 4205 1477 4270; x_wconf 85' lang='lat' dir='ltr'>violaret</span> <span class='ocrx_word' id='word_1_549' title='bbox 1498 4207 1606 4286; x_wconf 75' lang='lat' dir='ltr'>leger,</span> <span class='ocrx_word' id='word_1_550' title='bbox 1633 4207 1731 4274; x_wconf 85' lang='lat' dir='ltr'>aliam</span> <span class='ocrx_word' id='word_1_551' title='bbox 1756 4216 1824 4286; x_wconf 88' lang='lat' dir='ltr'>qui·</span> 
     </span>
     <span class='ocr_line' id='line_1_48' title="bbox 274 4281 1826 4434; baseline -0.002 -2"><span class='ocrx_word' id='word_1_552' title='bbox 274 4313 339 4432; x_wconf 82' lang='lat' dir='ltr'>r·</span> <span class='ocrx_word' id='word_1_553' title='bbox 358 4285 705 4434; x_wconf 53' lang='lat' dir='ltr'>nait</span> <span class='ocrx_word' id='word_1_554' title='bbox 725 4281 1032 4430; x_wconf 65' lang='lat' dir='ltr'>intinniit</span> <span class='ocrx_word' id='word_1_555' title='bbox 1064 4287 1749 4434; x_wconf 52' lang='lat' dir='ltr'>iiidimittitlimittit:</span> <span class='ocrx_word' id='word_1_556' title='bbox 1767 4289 1826 4356; x_wconf 64' lang='lat'>¹³¹·</span> 
     </span>
     <span class='ocr_line' id='line_1_49' title="bbox 545 4387 1825 4434; baseline 0 -22"><span class='ocrx_word' id='word_1_557' title='bbox 545 4407 570 4428; x_wconf 52' lang='grc' dir='ltr'>Ἰ</span> <span class='ocrx_word' id='word_1_558' title='bbox 1081 4387 1087 4412; x_wconf 91' lang='grc' dir='ltr'>Ι</span> <span class='ocrx_word' id='word_1_559' title='bbox 1658 4391 1664 4430; x_wconf 78' lang='grc' dir='ltr'>Ι</span> <span class='ocrx_word' id='word_1_560' title='bbox 1690 4392 1696 4428; x_wconf 67' lang='lat' dir='ltr'>p</span> <span class='ocrx_word' id='word_1_561' title='bbox 1772 4392 1825 4434; x_wconf 62' lang='lat' dir='ltr'>ve.</span> 
     </span>
     <span class='ocr_line' id='line_1_50' title="bbox 274 4385 1825 4528; baseline -0.003 -10"><span class='ocrx_word' id='word_1_562' title='bbox 274 4391 431 4518; x_wconf 59' lang='lat' dir='ltr'>detmrilide</span> <span class='ocrx_word' id='word_1_563' title='bbox 457 4451 614 4514; x_wconf 86' lang='lat' dir='ltr'>intutam</span> <span class='ocrx_word' id='word_1_564' title='bbox 676 4385 1032 4510; x_wconf 62' lang='lat' dir='ltr'>mmuniiaiemexcom-</span> <span class='ocrx_word' id='word_1_565' title='bbox 1066 4445 1196 4506; x_wconf 89' lang='lat' dir='ltr'>rentiam</span> <span class='ocrx_word' id='word_1_566' title='bbox 1222 4415 1320 4508; x_wconf 78' lang='lat' dir='ltr'>naiui&#39;</span> <span class='ocrx_word' id='word_1_567' title='bbox 1341 4387 1543 4512; x_wconf 50' lang='lat' dir='ltr'>Mmhffle:</span> <span class='ocrx_word' id='word_1_568' title='bbox 1575 4391 1716 4528; x_wconf 51' lang='lat' dir='ltr'>iteiigilii</span> <span class='ocrx_word' id='word_1_569' title='bbox 1742 4391 1825 4516; x_wconf 66' lang='lat' dir='ltr'>eenini</span> 
     </span>
     <span class='ocr_line' id='line_1_51' title="bbox 273 4522 1826 4610; baseline 0 -18"><span class='ocrx_word' id='word_1_570' title='bbox 273 4533 515 4610; x_wconf 71' lang='lat' dir='ltr'>inculcationem</span> <span class='ocrx_word' id='word_1_571' title='bbox 541 4525 621 4592; x_wconf 86' lang='lat' dir='ltr'>ferre</span> <span class='ocrx_word' id='word_1_572' title='bbox 642 4523 728 4600; x_wconf 85' lang='lat' dir='ltr'>poffit</span> <span class='ocrx_word' id='word_1_573' title='bbox 783 4543 847 4590; x_wconf 89' lang='lat' dir='ltr'>non</span> <span class='ocrx_word' id='word_1_574' title='bbox 867 4523 956 4588; x_wconf 87' lang='lat' dir='ltr'>deber</span> <span class='ocrx_word' id='word_1_575' title='bbox 978 4545 1029 4600; x_wconf 86' lang='lat' dir='ltr'>per</span> <span class='ocrx_word' id='word_1_576' title='bbox 1063 4522 1200 4588; x_wconf 89' lang='lat' dir='ltr'>conditio</span> <span class='ocrx_word' id='word_1_577' title='bbox 1230 4523 1319 4600; x_wconf 89' lang='lat' dir='ltr'>plaoe</span> <span class='ocrx_word' id='word_1_578' title='bbox 1356 4527 1472 4591; x_wconf 84' lang='lat' dir='ltr'>diveria</span> <span class='ocrx_word' id='word_1_579' title='bbox 1510 4528 1552 4592; x_wconf 87' lang='lat' dir='ltr'>eil</span> <span class='ocrx_word' id='word_1_580' title='bbox 1592 4546 1609 4592; x_wconf 94' lang='lat' dir='ltr'>a</span> <span class='ocrx_word' id='word_1_581' title='bbox 1647 4529 1826 4594; x_wconf 89' lang='lat' dir='ltr'>conditione</span> 
     </span>
     <span class='ocr_line' id='line_1_52' title="bbox 274 4569 1826 4682; baseline -0.004 -6"><span class='ocrx_word' id='word_1_582' title='bbox 274 4629 368 4676; x_wconf 90' lang='lat' dir='ltr'>uuam</span> <span class='ocrx_word' id='word_1_583' title='bbox 396 4605 584 4674; x_wconf 72' lang='lat' dir='ltr'>laurentiam</span> <span class='ocrx_word' id='word_1_584' title='bbox 606 4625 714 4670; x_wconf 87' lang='lat' dir='ltr'>omuea</span> <span class='ocrx_word' id='word_1_585' title='bbox 739 4569 826 4668; x_wconf 76' lang='lat' dir='ltr'>limul</span> <span class='ocrx_word' id='word_1_586' title='bbox 852 4623 1030 4670; x_wconf 85' lang='lat' dir='ltr'>eticonimu·</span> <span class='ocrx_word' id='word_1_587' title='bbox 1063 4602 1206 4668; x_wconf 86' lang='lat' dir='ltr'>Cleta&#39;eali</span> <span class='ocrx_word' id='word_1_588' title='bbox 1229 4653 1238 4682; x_wconf 94' lang='lat'>,</span> <span class='ocrx_word' id='word_1_589' title='bbox 1264 4625 1336 4672; x_wconf 87' lang='lat' dir='ltr'>etam</span> <span class='ocrx_word' id='word_1_590' title='bbox 1361 4607 1422 4670; x_wconf 88' lang='lat' dir='ltr'>alia</span> <span class='ocrx_word' id='word_1_591' title='bbox 1444 4605 1480 4670; x_wconf 83' lang='lat' dir='ltr'>sit</span> <span class='ocrx_word' id='word_1_592' title='bbox 1502 4605 1696 4676; x_wconf 86' lang='lat' dir='ltr'>coniectatio</span> <span class='ocrx_word' id='word_1_593' title='bbox 1713 4609 1826 4674; x_wconf 75' lang='lat' dir='ltr'>aima·</span> 
     </span>
    </p>
   </div>
   <div class='ocr_carea' id='block_1_3' title="bbox 271 4681 1606 4826">
    <p class='ocr_par' dir='ltr' id='par_1_3' title="bbox 271 4681 1606 4826">
     <span class='ocr_line' id='line_1_53' title="bbox 271 4681 1606 4826; baseline -0.004 -71"><span class='ocrx_word' id='word_1_594' title='bbox 271 4693 397 4765; x_wconf 85' lang='lat' dir='ltr'>tricare,</span> <span class='ocrx_word' id='word_1_595' title='bbox 417 4709 491 4766; x_wconf 81' lang='lat' dir='ltr'>quoa</span> <span class='ocrx_word' id='word_1_596' title='bbox 511 4707 577 4753; x_wconf 83' lang='lat' dir='ltr'>rear</span> <span class='ocrx_word' id='word_1_597' title='bbox 597 4687 735 4763; x_wconf 88' lang='lat' dir='ltr'>reperii,</span> <span class='ocrx_word' id='word_1_598' title='bbox 754 4683 803 4748; x_wconf 89' lang='lat' dir='ltr'>led</span> <span class='ocrx_word' id='word_1_599' title='bbox 818 4682 869 4750; x_wconf 88' lang='lat' dir='ltr'>riel</span> <span class='ocrx_word' id='word_1_600' title='bbox 892 4705 945 4760; x_wconf 89' lang='lat' dir='ltr'>per</span> <span class='ocrx_word' id='word_1_601' title='bbox 967 4686 1017 4762; x_wconf 89' lang='lat' dir='ltr'>plu</span> <span class='ocrx_word' id='word_1_602' title='bbox 1063 4683 1139 4826; x_wconf 40' lang='lat' dir='ltr'>etii&amp;</span> <span class='ocrx_word' id='word_1_603' title='bbox 1160 4681 1224 4747; x_wconf 85' lang='lat' dir='ltr'>alia</span> <span class='ocrx_word' id='word_1_604' title='bbox 1245 4683 1418 4752; x_wconf 78' lang='lat' dir='ltr'>sacerdotii</span> <span class='ocrx_word' id='word_1_605' title='bbox 1434 4687 1606 4754; x_wconf 70' lang='lat' dir='ltr'>iocularia.</span> 
     </span>
    </p>
   </div>
   <div class='ocr_carea' id='block_1_4' title="bbox 270 4763 1826 5170">
    <p class='ocr_par' dir='ltr' id='par_1_4' title="bbox 270 4763 1826 5170">
     <span class='ocr_line' id='line_1_54' title="bbox 273 4763 1826 4846; baseline -0.001 -12"><span class='ocrx_word' id='word_1_606' title='bbox 273 4787 318 4834; x_wconf 84' lang='lat' dir='ltr'>rea</span> <span class='ocrx_word' id='word_1_607' title='bbox 340 4763 514 4834; x_wconf 72' lang='lat' dir='ltr'>sententiaa</span> <span class='ocrx_word' id='word_1_608' title='bbox 539 4765 668 4846; x_wconf 68' lang='lat' dir='ltr'>finium</span> <span class='ocrx_word' id='word_1_609' title='bbox 688 4783 767 4840; x_wconf 81' lang='lat' dir='ltr'>quoa</span> <span class='ocrx_word' id='word_1_610' title='bbox 789 4767 936 4842; x_wconf 85' lang='lat' dir='ltr'>reperirer</span> <span class='ocrx_word' id='word_1_611' title='bbox 954 4765 1031 4830; x_wconf 82' lang='lat' dir='ltr'>iett-</span> <span class='ocrx_word' id='word_1_612' title='bbox 1136 4781 1190 4830; x_wconf 90' lang='lat' dir='ltr'>ota</span> <span class='ocrx_word' id='word_1_613' title='bbox 1204 4779 1234 4846; x_wconf 73' lang='grc' dir='ltr'>ς.</span> <span class='ocrx_word' id='word_1_614' title='bbox 1250 4765 1314 4844; x_wconf 86' lang='lat' dir='ltr'>Qii</span> <span class='ocrx_word' id='word_1_615' title='bbox 1335 4763 1410 4833; x_wconf 83' lang='lat' dir='ltr'>facit</span> <span class='ocrx_word' id='word_1_616' title='bbox 1432 4765 1533 4832; x_wconf 77' lang='lat' dir='ltr'>itinn</span> <span class='ocrx_word' id='word_1_617' title='bbox 1556 4767 1669 4846; x_wconf 77' lang='lat' dir='ltr'>pluries</span> <span class='ocrx_word' id='word_1_618' title='bbox 1688 4771 1826 4834; x_wconf 85' lang='lat' dir='ltr'>vetitum</span> 
     </span>
     <span class='ocr_line' id='line_1_55' title="bbox 272 4841 1825 4929; baseline -0.001 -15"><span class='ocrx_word' id='word_1_619' title='bbox 272 4847 395 4926; x_wconf 65' lang='lat' dir='ltr'>attide,</span> <span class='ocrx_word' id='word_1_620' title='bbox 424 4847 497 4929; x_wconf 37' lang='lat' dir='ltr'>rel,</span> <span class='ocrx_word' id='word_1_621' title='bbox 567 4867 662 4912; x_wconf 89' lang='lat' dir='ltr'>unam</span> <span class='ocrx_word' id='word_1_622' title='bbox 681 4841 814 4922; x_wconf 75' lang='lat' dir='ltr'>pinnam</span> <span class='ocrx_word' id='word_1_623' title='bbox 840 4845 1029 4924; x_wconf 75' lang='lat' dir='ltr'>equivalen·</span> <span class='ocrx_word' id='word_1_624' title='bbox 1065 4845 1116 4910; x_wconf 88' lang='lat' dir='ltr'>vel</span> <span class='ocrx_word' id='word_1_625' title='bbox 1133 4847 1172 4910; x_wconf 83' lang='lat' dir='ltr'>ab</span> <span class='ocrx_word' id='word_1_626' title='bbox 1197 4845 1306 4912; x_wconf 67' lang='lat' dir='ltr'>emero</span> <span class='ocrx_word' id='word_1_627' title='bbox 1330 4849 1384 4913; x_wconf 83' lang='lat' dir='ltr'>vel</span> <span class='ocrx_word' id='word_1_628' title='bbox 1416 4869 1435 4914; x_wconf 86' lang='lat' dir='ltr'>a</span> <span class='ocrx_word' id='word_1_629' title='bbox 1463 4847 1596 4922; x_wconf 88' lang='lat' dir='ltr'>pluribur</span> <span class='ocrx_word' id='word_1_630' title='bbox 1616 4847 1825 4922; x_wconf 72' lang='lat' dir='ltr'>Superioribus</span> 
     </span>
     <span class='ocr_line' id='line_1_56' title="bbox 272 4867 1824 5022; baseline 0 -30"><span class='ocrx_word' id='word_1_631' title='bbox 272 4943 362 5005; x_wconf 89' lang='lat' dir='ltr'>tem,</span> <span class='ocrx_word' id='word_1_632' title='bbox 390 4943 428 4992; x_wconf 89' lang='lat' dir='ltr'>ut</span> <span class='ocrx_word' id='word_1_633' title='bbox 446 4923 471 4990; x_wconf 79' lang='lat' dir='ltr'>fi</span> <span class='ocrx_word' id='word_1_634' title='bbox 490 4867 574 4994; x_wconf 47' lang='lat' dir='ltr'>felt</span> <span class='ocrx_word' id='word_1_635' title='bbox 602 4925 817 4992; x_wconf 69' lang='lat' dir='ltr'>emmunim</span> <span class='ocrx_word' id='word_1_636' title='bbox 840 4927 964 5010; x_wconf 72' lang='lat' dir='ltr'>Petraei</span> <span class='ocrx_word' id='word_1_637' title='bbox 989 4927 1032 4994; x_wconf 69' lang='lat' dir='ltr'>aa·</span> <span class='ocrx_word' id='word_1_638' title='bbox 1064 4926 1202 5022; x_wconf 74' lang='lat' dir='ltr'>eamdem</span> <span class='ocrx_word' id='word_1_639' title='bbox 1220 4925 1400 4992; x_wconf 77' lang='lat' dir='ltr'>habentibus</span> <span class='ocrx_word' id='word_1_640' title='bbox 1418 4927 1621 5004; x_wconf 76' lang='lat' dir='ltr'>patellarum,</span> <span class='ocrx_word' id='word_1_641' title='bbox 1645 4948 1706 4991; x_wconf 90' lang='lat' dir='ltr'>noti</span> <span class='ocrx_word' id='word_1_642' title='bbox 1727 4929 1824 5006; x_wconf 90' lang='lat' dir='ltr'>plutei</span> 
     </span>
     <span class='ocr_line' id='line_1_57' title="bbox 274 5002 1824 5092; baseline 0 -20"><span class='ocrx_word' id='word_1_643' title='bbox 274 5010 404 5092; x_wconf 67' lang='lat' dir='ltr'>Petiliana</span> <span class='ocrx_word' id='word_1_644' title='bbox 421 5003 483 5074; x_wconf 68' lang='lat' dir='ltr'>&amp;e-</span> <span class='ocrx_word' id='word_1_645' title='bbox 504 5007 556 5074; x_wconf 78' lang='lat' dir='ltr'>vel</span> <span class='ocrx_word' id='word_1_646' title='bbox 585 5025 690 5072; x_wconf 86' lang='lat' dir='ltr'>oruner</span> <span class='ocrx_word' id='word_1_647' title='bbox 709 5002 872 5084; x_wconf 66' lang='lat' dir='ltr'>Maauatea</span> <span class='ocrx_word' id='word_1_648' title='bbox 896 5005 1030 5078; x_wconf 73' lang='lat' dir='ltr'>&amp;reli-</span> <span class='ocrx_word' id='word_1_649' title='bbox 1066 5023 1192 5074; x_wconf 67' lang='lat' dir='ltr'>incurrit</span> <span class='ocrx_word' id='word_1_650' title='bbox 1213 5003 1382 5084; x_wconf 88' lang='lat' dir='ltr'>censurai,·</span> <span class='ocrx_word' id='word_1_651' title='bbox 1411 5005 1450 5072; x_wconf 86' lang='lat' dir='ltr'>sic</span> <span class='ocrx_word' id='word_1_652' title='bbox 1478 5027 1551 5072; x_wconf 81' lang='lat' dir='ltr'>tum</span> <span class='ocrx_word' id='word_1_653' title='bbox 1574 5005 1672 5086; x_wconf 83' lang='lat' dir='ltr'>Sayio</span> <span class='ocrx_word' id='word_1_654' title='bbox 1691 5007 1824 5086; x_wconf 75' lang='lat' dir='ltr'>suarez,</span> 
     </span>
     <span class='ocr_line' id='line_1_58' title="bbox 270 5079 1826 5170; baseline -0.002 -16"><span class='ocrx_word' id='word_1_655' title='bbox 270 5107 346 5168; x_wconf 74' lang='lat' dir='ltr'>qma</span> <span class='ocrx_word' id='word_1_656' title='bbox 367 5085 547 5154; x_wconf 77' lang='lat' dir='ltr'>virtualiter</span> <span class='ocrx_word' id='word_1_657' title='bbox 562 5085 766 5162; x_wconf 80' lang='lat' dir='ltr'>recensendo,</span> <span class='ocrx_word' id='word_1_658' title='bbox 785 5099 823 5150; x_wconf 88' lang='lat' dir='ltr'>ut</span> <span class='ocrx_word' id='word_1_659' title='bbox 842 5079 864 5146; x_wconf 79' lang='lat' dir='ltr'>fi</span> <span class='ocrx_word' id='word_1_660' title='bbox 880 5085 963 5156; x_wconf 83' lang='lat' dir='ltr'>dicit</span> <span class='ocrx_word' id='word_1_661' title='bbox 973 5105 1030 5156; x_wconf 79' lang='lat' dir='ltr'>ra·-</span> <span class='ocrx_word' id='word_1_662' title='bbox 1047 5137 1052 5144; x_wconf 84' lang='lat'><em>·</em></span> <span class='ocrx_word' id='word_1_663' title='bbox 1067 5085 1242 5170; x_wconf 59' lang='lat' dir='ltr'>Mutina,</span> <span class='ocrx_word' id='word_1_664' title='bbox 1255 5085 1291 5158; x_wconf 72' lang='grc' dir='ltr'><strong>ὰ</strong></span> <span class='ocrx_word' id='word_1_665' title='bbox 1305 5087 1361 5156; x_wconf 85' lang='lat' dir='ltr'>alii</span> <span class='ocrx_word' id='word_1_666' title='bbox 1375 5087 1601 5160; x_wconf 66' lang='lat' dir='ltr'>conmuniter:</span> <span class='ocrx_word' id='word_1_667' title='bbox 1620 5085 1705 5165; x_wconf 71' lang='lat' dir='ltr'>Quia</span> <span class='ocrx_word' id='word_1_668' title='bbox 1718 5087 1826 5154; x_wconf 88' lang='lat' dir='ltr'>cenl&#39;u-</span> 
     </span>
    </p>
   </div>
   <div class='ocr_carea' id='block_1_5' title="bbox 349 5159 1785 5274">
    <p class='ocr_par' dir='ltr' id='par_1_5' title="bbox 349 5159 1785 5274">
     <span class='ocr_line' id='line_1_59' title="bbox 349 5159 1785 5274; baseline -0.006 -31"><span class='ocrx_word' id='word_1_669' title='bbox 349 5164 448 5256; x_wconf 64' lang='lat' dir='ltr'>bfii‘l·</span> <span class='ocrx_word' id='word_1_670' title='bbox 464 5165 566 5252; x_wconf 64' lang='lat' dir='ltr'>Titii·</span> <span class='ocrx_word' id='word_1_671' title='bbox 579 5167 690 5242; x_wconf 66' lang='lat' dir='ltr'>littei·</span> <span class='ocrx_word' id='word_1_672' title='bbox 712 5159 805 5240; x_wconf 65' lang='lat' dir='ltr'>Tm</span> <span class='ocrx_word' id='word_1_673' title='bbox 821 5161 876 5240; x_wconf 78' lang='lat' dir='ltr'>Vl·</span> <span class='ocrx_word' id='word_1_674' title='bbox 1516 5161 1542 5228; x_wconf 88' lang='lat' dir='ltr'>F</span> <span class='ocrx_word' id='word_1_675' title='bbox 1741 5187 1785 5274; x_wconf 65' lang='lat' dir='ltr'>re</span> 
     </span>
    </p>
   </div>
   <div class='ocr_carea' id='block_1_6' title="bbox 0 0 2296 5988">
    <p class='ocr_par' dir='ltr' id='par_1_6' title="bbox 0 0 2296 5988">
     <span class='ocr_line' id='line_1_60' title="bbox 0 0 2296 5988; baseline 0 0"><span class='ocrx_word' id='word_1_676' title='bbox 0 0 2296 5988; x_wconf 95' lang='lat' dir='ltr'> </span> 
     </span>
    </p>
   </div>
  </div>
 </body>
</html>
