4584 5992
630 543 1652 638 'oaDaitiiiirtssnorotrrrouiaus;

377 647 589 729 sollempni
610 650 1055 742 poenitentiamsuggerens&
1080 653 1127 744 in·
1203 653 1253 732 67.
1276 653 1379 721 Homo
1400 676 1504 734 peccat
1526 709 1536 740 ,
1564 665 1659 729 eriam
1683 658 1899 738 damnabiliter
1907 715 1924 749 ‚.

375 733 490 808 spirans
509 732 649 799 vivificat
671 753 761 809 eum,
780 729 815 798 dt
831 730 986 796 telulcttat
1005 751 1018 808 p
1038 733 1127 794 mini·
1165 734 1197 796 in
1214 749 1276 808 to,
1297 737 1375 810 quod
1396 737 1561 806 necessario
1578 739 1668 808 iacit.

372 809 467 877 'sierio
490 830 594 880 autem
615 811 787 878 Sacerdotis
809 807 907 876 lotum
935 827 1039 876 reatus
1068 809 1128 875 tol·
1203 809 1712 900 68.lnfidelitaspurenegativain
1729 825 1795 905 liis,
1813 828 1918 906 inqui·

374 889 471 957 litiir.
1164 886 1217 953 bus
1232 891 1365 960 Clarillus
1385 917 1446 961 non
1461 896 1504 964 ell
1521 899 1703 977 predicatus
1722 953 1731 984 ‚
1760 924 1918 984 peecatum

415 971 617 1049 resistendo
632 992 683 1047 pet
696 966 920 1053 eleemosynas,
934 971 1054 1048 aliaque
1065 986 1127 1058 poef
1163 966 1223 1032 eli.
1779 999 1790 1006 -

372 1051 517 1116 nitentiae
536 1072 629 1127 opera
645 1051 713 1116 Deo
733 1047 933 1115 satisfacimus
959 1070 1014 1126 pro
1030 1067 1128 1124 paenis
1204 1051 1251 1128 69.
1279 1047 1458 1120 Iuslificatio
1487 1059 1568 1136 impii
1604 1059 1639 1125 lit
1667 1060 1835 1130 formaliter
1867 1087 1920 1144 per

371 1132 604 1206 temporalibus,
625 1153 686 1196 non
703 1131 827 1209 dignuin
843 1133 977 1220 pretium
992 1129 1060 1192 Deo
1075 1147 1129 1203 pro
1163 1126 1371 1204 obedientiam
1389 1135 1503 1216 Legis;
1534 1159 1594 1202 non
1620 1159 1726 1206 autem
1742 1165 1794 1222 per
1813 1148 1918 1212 occul.

365 1217 506 1288 peccatis
522 1213 629 1276 iiollris
650 1209 803 1275 offerimus
824 1215 926 1286 ,licut
945 1211 1067 1286 quidam
1081 1225 1125 1270 er·
1165 1227 1231 1272 rain
1257 1217 1563 1281 communicationem
1635 1219 1669 1287 ἃ
1692 1222 1919 1296 inspirationem

371 1303 479 1353 rantes
505 1309 668 1356 autumant
690 1337 701 1368 ‚
734 1289 746 1366 s
771 1309 843 1352 nam
871 1291 980 1364 alioqui
1002 1287 1129 1351 essemus
1164 1289 1291 1366 gratio,
1310 1312 1377 1366 quae
1394 1314 1445 1370 per
1459 1315 1528 1362 eam
1543 1266 1720 1368 ludificator
1736 1299 1835 1372 saciat
1861 1309 1918 1369 im-

370 1365 481 1432 saltem
508 1373 612 1446 aliqua
636 1391 677 1434 eir
705 1387 791 1446 parte
820 1369 1020 1446 redemptores
1047 1359 1128 1442 ised
1165 1367 1246 1444 plere
1262 1368 1376 1446 legem.

371 1445 413 1509 ali
436 1447 486 1510 iiid
511 1449 666 1528 iacimus,
693 1470 778 1513 curiis
806 1453 922 1512 intuitu
953 1445 1064 1510 Clirilli
1085 1449 1128 1506 l'a·
1206 1463 1253 1526 po
1282 1449 1388 1514 Homo
1410 1453 1543 1521 exillens
1566 1460 1598 1522 in
1624 1475 1751 1535 peceato
1775 1462 1897 1528 mortali

371 1527 415 1590 tis
429 1524 507 1593 allio
543 1529 627 1593 nobis
667 1530 836 1608 applicatur
853 1571 867 1600 p
897 1529 932 1594 dt
961 1528 1129 1592 communi·
1164 1525 1275 1594 sivein
1295 1549 1383 1594 reatu
1406 1551 1534 1602 aeternae
1556 1536 1791 1618 domuitionis,
1820 1507 1920 1618 poreil

371 1624 485 1670 eatur.
807 1623 818 1642 ·
1165 1608 1274 1672 habere
1290 1627 1397 1675 veram
1413 1611 1614 1682 charitatem·
1635 1615 1669 1684 dt
1688 1620 1824 1688 charitas
1844 1669 1852 1698 ‚
1872 1639 1919 1686 er·

389 1686 463 1780 ⁸¹60.
485 1687 541 1751 l’er
556 1685 704 1762 passiones
719 1684 897 1753 seidonim
917 1689 949 1748 in
969 1685 1126 1778 indulgeo·
1165 1693 1225 1755 iam
1242 1686 1397 1766 perietis,
1427 1693 1524 1769 potest
1543 1663 1703 1764 consistere
1726 1721 1800 1766 gum-
1827 1719 1918 1766 penu

370 1778 425 1827 tiis
446 1773 686 1833 communicatas
713 1787 775 1833 non
799 1784 917 1844 proprie
941 1765 1129 1830 redimuntur
1163 1787 1291 1832 aeternae
1311 1766 1531 1840 damnationis.

371 1840 477 1909 nollra
491 1844 598 1910 deiitti
617 1870 627 1925 ς
657 1847 704 1912 sed
726 1869 778 1924 per
798 1865 1043 1912 communionem
1059 1845 1128 1909 cha·
1203 1865 1251 1925 71.
1269 1849 1325 1910 l’er
1344 1851 1569 1933 conditionem,
1588 1857 1771 1924 etiamtum
1785 1858 1917 1924 ebarita-

370 1925 476 1988 titatia
495 1926 581 1991 nobis
599 1947 707 1992 eorum
728 1925 874 2003 passiones
891 1931 1129 2000 impertiuntur,
1165 1945 1196 1990 tr
1217 1921 1364 2005 persedit,
1385 1931 1419 1996 dt
1435 1955 1505 1997 cum
1523 1952 1600 2002 voto
1619 1933 1795 2015 suscipiendi
1810 1938 1919 2004 sicto

369 1999 406 2066 d<
434 2022 470 2067 ut
494 2005 577 2084 digni
608 2005 726 2082 limus,
760 2010 810 2083 qui
845 2007 944 2083 pretio
968 2005 1128 2080 Sanguinis
1165 2025 1305 2072 meritum
1328 2011 1545 2092 toniundlam,
1575 2035 1635 2078 non
1659 2019 1830 2083 remittitor
1860 2018 1918 2083 cri·

370 2079 483 2146 christi
501 2108 520 2153 a
545 2089 643 2164 poenis
669 2109 723 2166 pto
745 2089 878 2164 peccatis
897 2084 1006 2150 debitis
1022 2084 1128 2148 libere·
1164 2103 1362 2178 intripextra
1380 2091 1480 2156 calum
1500 2092 1702 2176 necessitatis,
1722 2114 1776 2162 aut
1796 2091 1917 2181 Marty-

371 2181 457 2224 mor.
832 2246 837 2254 .
874 2215 881 2226 .
1109 2249 1112 2254 Ι
1165 2172 1220 2241 rii,
1241 2167 1428 2233 ltneadliiali
1448 2171 1640 2252 susceptione
1659 2177 1867 2242 sacramenti.

410 2253 459 2313 61.
477 2249 612 2315 Celebris
633 2250 686 2315 illa
702 2247 867 2312 Dotlorum
886 2243 1036 2311 distinato
1055 2291 1065 2321 ,
1085 2243 1127 2306 di·
1203 2263 1251 2326 72.
1272 2246 1386 2311 Omnes
1409 2255 1535 2318 omnino
1559 2253 1709 2320 iustorum
1738 2253 1921 2321 afflidliones

370 2332 455 2396 vinae
473 2331 545 2410 legit
564 2330 711 2394 mandata
727 2325 868 2392 bifariam
888 2327 1027 2402 impleri;
1048 2325 1126 2388 alte·
1164 2323 1231 2390 sunt
1249 2327 1380 2390 ultiones
1399 2349 1592 2404 peccatorum
1608 2331 1764 2412 imorum,-
1784 2337 1865 2400 unde
1882 2333 1916 2398 dt

370 2429 408 2474 ro
430 2411 521 2474 modo
533 2424 684 2486 qnantum
700 2410 736 2472 ad
758 2422 982 2484 preceptorum
1000 2424 1126 2480 operum
1163 2405 1232 2483 lob,
1255 2403 1289 2469 C<
1305 2406 1480 2496 Martyres.
1503 2432 1571 2486 quar
1589 2411 1660 2488 pasl'i
1679 2413 1770 2492 lunt,
1795 2431 1918 2493 propter

339 2489 567 2556 'substantiam
598 2505 749 2562 tantum,
778 2488 878 2550 altero
907 2503 1057 2561 quantum
1091 2482 1126 2544 ad
1163 2485 1353 2562 pereatasua
1374 2487 1545 2561 palliluiit.

368 2587 489 2634 tertiam
504 2569 664 2648 quemdam
678 2569 823 2642 modum,
841 2565 986 2628 videlicet
1000 2611 1008 2640 ,
1024 2563 1125 2626 lecun·
1201 2581 1249 2643 ῃ.
1269 2563 1392 2644 Nemo,
1415 2587 1524 2640 praeter
1538 2568 1690 2634 Clirillum
1712 2617 1722 2648 ‚
1746 2569 1790 2634 est
1809 2569 1916 2650 absque

368 2649 442 2714 dum
457 2671 549 2726 quem
568 2652 889 2721 valeantopeiantem
909 2646 1069 2718 perducere
1090 2640 1127 2703 ad
1164 2664 1289 2718 peccato
1304 2647 1465 2724 originali:
1488 2647 1557 2714 hinc
1575 2647 1610 2711 Β.
1628 2650 1720 2728 Virgo
1736 2669 1859 2715 mortua
1873 2649 1916 2714 eit

368 2749 497 2808 regnum
517 2732 528 2802 i
547 2731 602 2790 lanc
623 2723 754 2800 ell‚‚'ad
773 2727 897 2786 modum
918 2722 1127 2798 meritorum)
1164 2742 1285 2810 propter
1314 2745 1473 2800 percarum
1508 2747 1545 2791 eit
1584 2729 1682 2793 Adam
1710 2729 1916 2806 contratlum,

369 2824 584 2871 commentitia
598 2807 662 2879 eil,
682 2804 716 2870 dt
732 2802 940 2882 explodenda.
1161 2805 1323 2880 omnesque
1339 2808 1405 2870 eius
1422 2803 1601 2870 alllidlionea
1619 2811 1648 2870 in
1668 2806 1722 2873 lrac
1734 2813 1801 2874 vita
1817 2859 1824 2884 ,
1842 2811 1916 2874 licut

411 2890 462 2947 62.
483 2885 538 2948 llla
558 2905 676 2961 quoque
696 2881 866 2954 dillindlio,
885 2901 942 2956 qua
959 2898 1035 2956 opus
1055 2879 1125 2942 dici·
1162 2882 1343 2956 &aliorum
1363 2882 1539 2962 lullotuin,-
1557 2887 1680 2952 suerunt
1698 2889 1835 2954 ultiones
1849 2911 1917 2967 pec·

371 2981 423 3028 tur
439 2962 578 3028 bifariam
594 2967 706 3027 bonum
724 3010 735 3042 ‚
761 2962 813 3024 vel
833 2961 902 3034 quia
929 2979 970 3022 ex
988 2957 1126 3034 obiecto,
1147 2969 1223 3040 -eati
1244 2961 1389 3040 adluilis,
1409 2965 1459 3028 vel
1477 2967 1650 3046 originalis.

370 3043 405 3107 dt
420 3044 556 3107 omnibns
569 3043 806 3107 circnmllantiia·
818 3037 930 3102 redium
945 3035 1008 3114 est,
1027 3037 1060 3103 dt
1076 3037 1124 3102 bo·
1201 3055 1247 3121 74.
1264 3041 1518 3121 Concupiscentia
1542 3051 1573 3108 in
1600 3048 1711 3113 renatis
1741 3045 1859 3124 relapfir
1884 3050 1916 3110 in·

370 3141 461 3199 num,
476 3126 489 3202 (
504 3125 582 3200 quod
600 3123 759 3186 moraliter
774 3119 1122 3195 bonomappci-iaiecim·
1162 3139 1319 3199 peccatum
1336 3125 1467 3188 mortale
1487 3171 1495 3202 ,
1523 3125 1553 3187 in
1579 3125 1684 3201 quibus
1702 3131 1762 3192 iam
1779 3129 1917 3190 domina·

368 3200 498 3268 sueveru
555 3201 635 3278 ivel
659 3201 730 3278 qnia
756 3197 1008 3264 eltemeiitoiiom
1027 3195 1125 3276 Regni
1162 3213 1239 3278 tur,
1270 3221 1435 3277 peccatum
1459 3203 1532 3282 eil,
1559 3201 1635 3270 sicut
1663 3203 1697 3272 dt
1721 3208 1771 3271 alii'
1798 3208 1917 3274 habitus

369 3285 505 3375 eterni(
521 3299 560 3344 eo
574 3283 653 3358 qiiod
668 3281 704 3344 sit
725 3303 742 3345 a
762 3283 840 3342 vivo
857 3275 969 3341 Clirilli
988 3279 1125 3342 membro
1162 3285 1266 3354 pravi.

367 3381 421 3436 per
437 3363 769 3435 liiiritumcharitatis,
789 3357 950 3424 reiitienda
972 3353 1036 3420 est.
1200 3379 1249 3439 75.
1279 3359 1387 3426 Motus
1416 3365 1499 3435 piari
1529 3361 1784 3440 concupiscentiae
1826 3364 1919 3442 lunt,

407 3443 458 3520 63.
481 3438 585 3507 Sed&
603 3441 653 3503 illa
670 3440 818 3504 dillindlin
839 3438 964 3510 duplicis
981 3434 1126 3514 iiislitiae‚
1162 3459 1215 3512 pro
1233 3438 1312 3500 llatu
1337 3441 1466 3504 bominis
1487 3443 1593 3504 vitiati
1613 3483 1626 3517 ,-
1648 3443 1789 3516 prohibiti
1807 3463 1917 3518 praece·-

365 3521 496 3584 alterius
518 3568 529 3599 ,
557 3541 625 3596 quae
652 3518 686 3582 iit
716 3520 937 3596 perspiritum
962 3515 1124 3578 charitatis
1161 3537 1235 3594 pto,
1256 3519 1326 3580 Nori
1342 3519 1531 3598 conrupilrts:
1557 3511 1646 3583 Unde
1667 3521 1758 3586 liomo
1778 3541 1829 3585 eos
1852 3521 1917 3585 seii·

365 3601 616 3678 inhabitantem,
632 3601 779 3675 alterius,
798 3616 867 3674 quae
885 3595 922 3658 lit
938 3615 977 3656 eir
998 3597 1124 3668 inlpita·
1159 3603 1263 3671 tiens,
1302 3596 1336 3661 dt
1357 3619 1418 3660 nori
1434 3599 1638 3662 consentiens
1659 3649 1667 3675 ,
1697 3598 1918 3679 transgreditur

367 3683 454 3743 tione
479 3681 600 3757 quidem
618 3678 750 3754 Spiritus
769 3675 865 3742 sintii
894 3694 947 3738 cor
972 3675 1008 3734 ad
1027 3675 1123 3746 poeni·
1160 3694 1347 3753 preceptum
1365 3680 1435 3741 Nori
1455 3678 1647 3758 conception
1668 3683 1807 3756 quamvis
1822 3681 1922 3746 trans*

368 3763 499 3825 tentiam
514 3763 700 3836 excitantis,
720 3757 770 3821 led
788 3759 921 3820 nondum
937 3773 993 3816 cor
1010 3755 1120 3816 inhabi-
1159 3754 1265 3834 gressio
1285 3760 1315 3816 in
1337 3773 1494 3832 peecatum
1510 3779 1573 3822 non
1595 3760 1774 3834 deputetur.

367 3843 491 3915 tantis,
520 3837 553 3903 ἀ
579 3860 610 3901 in
635 3859 672 3902 ro
700 3839 884 3902 charitatem
905 3831 1122 3908 diffundentis.
1198 3837 1244 3915 76.
1267 3835 1412 3908 Quaiidiu
1429 3839 1509 3902 aliud
1531 3841 1786 3909 concupiscentiae
1807 3860 1916 3904 carna·

364 3939 428 4000 qua·
442 3921 557 3983 divinae
580 3919 673 3998 Legis
692 3916 868 3982 iustificatio
884 3913 1065 3990 impleatur,
1085 3910 1120 3974 st·
1160 3917 1192 3977 lis
1215 3921 1244 3978 in
1270 3915 1414 4002 diligente
1438 3915 1507 3993 eil,
1536 3938 1598 3980 nnn
1622 3915 1693 3981 facit
1713 3938 1920 3996 praereptuni,·

364 3999 479 4064 militer
495 4003 647 4062 relicitur.
1043 4072 1050 4087 ι
1078 4074 1084 4086 ⁴
1158 3995 1269 4074 Diliges
1297 4001 1455 4060 Dominam
1483 4003 1578 4062 Derim
1598 4009 1684 4060 sarriri
1703 3998 1735 4062 r'ii
1752 4011 1810 4064 roro
1828 4000 1914 4064 corde

403 4083 454 4158 64.
472 4077 552 4143 Item
567 4077 601 4142 dt
617 4077 671 4142 illa
689 4077 839 4143 distindlio
865 4073 993 4150 duplicis
1018 4071 1122 4136 vivifi-¹
1158 4090 1223 4139 rao.

363 4163 493 4224 tationis
510 4205 525 4236 ‚-
548 4156 703 4236 alterius,
732 4181 789 4234 qna
813 4153 996 4222 vivificatur
1018 4171 1116 4228 preca·
1195 4174 1243 4235 77.
1264 4151 1487 4218 Satirsaili‘ones
1508 4155 1599 4218 labori
1679 4155 1916 4224 lullificatorum

365 4256 445 4315 tor,
473 4242 544 4302 duro
565 4239 594 4300 ei
617 4239 845 4316 penitentie,
873 4233 908 4300 dt
934 4235 1120 4296 vitonovat
1157 4257 1218 4299 non
1248 4237 1352 4298 valent
1381 4239 1505 4304 eripiare
1538 4237 1574 4300 de
1608 4239 1645 4300 co'
1688 4241 1758 4314 igno
1790 4257 1920 4314 poenam

363 4319 579 4394 propositum,
609 4317 815 4381 &inchoatio
840 4335 891 4392 pet
912 4313 969 4402 Dei
990 4317 1122 4402 gratiani
1157 4313 1355 4387 temporalem
1378 4311 1542 4378 rellantem
1567 4313 1631 4394 poll
1655 4315 1777 4393 culpam
1803 4319 1916 4384 condo*

359 4396 529 4475 inspiratur
584 4397 711 4461 alterius
734 4441 747 4474 ,-
769 4417 828 4473 qua
849 4401 1050 4470 vivincatur,
1070 4412 1120 4465 qut
1157 4412 1279 4457 iratam.

364 4497 438 4544 vere
464 4444 641 4540 iullibtatur
662 4525 670 4554 ,
697 4475 731 4540 ἀ
749 4476 859 4549 palmes
885 4476 1032 4564 vivusiii
1053 4489 1121 4534 vite
1195 4473 1243 4552 78.
1266 4470 1484 4536 immortalitas
1502 4475 1586 4548 primi
1605 4473 1749 4540 Hominis
1765 4499 1826 4541 non
1846 4493 1916 4540 erat

360 4555 484 4622 Chrislo
503 4555 637 4622 efficitur
662 4603 671 4631 ,
693 4561 807 4634 pariter
826 4569 1038 4618 commentitia
1059 4551 1120 4628 eil,
1156 4557 1261 4630 gratie
1283 4551 1483 4637 beneficium,
1504 4551 1550 4616 led
1572 4558 1723 4624 naturalis
1741 4557 1893 4620 conditio.

361 4637 575 4714 &scripturis
595 4639 719 4698 minime
737 4653 922 4714 congruens.
1196 4649 1244 4712 pp
1276 4632 1363 4694 Falla
1387 4629 1430 4692 ell-
1457 4632 1622 4698 Dodloium
1640 4637 1825 4714 sententia,
1854 4638 1918 4711 pti-r
2027 4709 2029 4714 Ι

401 4721 450 4796 65.
480 4717 553 4782 Non
582 4713 636 4778 nisi
667 4717 835 4794 pelagiano
871 4732 973 4778 errore
999 4711 1119 4772 admitti
1156 4734 1239 4776 mum
1262 4711 1429 4776 Hominem
1452 4715 1584 4788 potuisse
1601 4737 1620 4778 a
1639 4715 1707 4780 Deo
1726 4721 1823 4782 creari
1842 4757 1856 4794 ,.
1878 4713 1917 4781 ds

360 4797 463 4877 pottll'
480 4797 552 4862 til'us
567 4798 676 4872 aliquis
695 4795 779 4860 liberi
797 4796 913 4857 arbitrii
934 4794 1058 4868 bonus,
1086 4791 1120 4852 li'·
1156 4791 1290 4868 institui,
1313 4789 1374 4852 fine
1397 4787 1515 4857 luliitia
1538 4797 1695 4860 staturalis·

359 4881 626 4958 monnulus,
652 4871 945 4954 &gratiaeClirisii
980 4873 1121 4935 iniuriam
1195 4870 1297 4936 Nota.
1316 4873 1358 4934 l’ii
1382 4869 1533 4938 V-Ciinll.
1558 4881 1602 4939 ita
1623 4875 1808 4940 absolvitur.
1829 4876 1917 4957 Quas

361 4959 460 5026 iicir.
481 4964 532 5034 iiiii·
551 4967 595 5023 ita
616 4957 711 5020 lentit
729 4954 764 5023 &
778 4958 890 5018 docet.
1155 4951 1277 5030 qiii'deai
1293 4949 1455 5030 sententias
1468 4953 1571 5030 strido
1585 4975 1682 5019 roiam
1702 4953 1783 5020 nolis
1799 4956 1913 5020 exami-

401 5039 707 5104 contritionis
731 5049 879 5115 repugnat
905 5031 1040 5098 libertati
1067 5032 1121 5096 lio·
1155 5053 1194 5096 iis
1214 5035 1399 5120 ponderatius¹
1412 5078 1420 5110 ,
1453 5051 1630 5123 quamquam
1650 5036 1801 5101 nonnullae
1816 5035 1918 5114 iilt'qao·

358 5115 454 5190 'erinis
472 5119 629 5186 natura-li..
1152 5115 1236 5191 irai
1257 5109 1398 5196 stisiam
1420 5109 1546 5192 pollen,
1578 5133 1610 5176 in
1631 5114 1723 5196 rigore
1746 5113 1787 5184 da
1798 5114 1918 5194 proprio

1804 5216 1875 5261 tier-
