4584 5992
711 495 1547 573 nactusuatscar.t.
1804 489 1860 595 ⁶5

358 602 546 678 eettsrrt'amt
568 593 711 677 nubcirea
727 600 814 660 nulla
834 591 957 660 censura
977 613 1036 656 nec
1055 591 1120 668 est,
1154 593 1206 656 bet
1228 642 1236 668 ,
1265 609 1338 655 uta
1365 592 1538 657 Chrilliano
1564 594 1681 658 vitctor
1702 592 1842 668 'quisquis
1872 595 1917 660 est
2011 606 2013 610 ’

365 706 424 750 nec
444 685 502 746 dici
524 680 621 757 potell
642 678 678 740 de
694 686 758 739 iure
778 679 905 740 divino:
928 676 959 737 ἃ
972 676 1119 735 hoccom·
1149 670 1312 754 fornicator
1326 686 1404 761 ,aut
1424 694 1541 735 avarus
1554 721 1561 749 ,
1576 686 1639 761 ‘aar
1659 674 1744 738 idolis
1758 674 1921 754 serviens,

366 768 505 830 munirer
522 777 631 825 tenent
650 758 716 819 DD.
740 757 821 820 Nam
838 755 996 817 inllituere
1016 754 1120 815 ceusu·
1157 765 1209 815 arat
1236 754 1417 828 malrdrcrrr,
1446 770 1499 837 arat
1520 752 1667 831 rdrrojur,
1687 754 1720 817 ἀ
1744 779 1814 820 cum
1838 753 1916 818 eius·

368 865 418 910 ras
438 842 482 906 est
504 836 692 916 ptaescriberc
720 842 751 897 in
774 836 947 911 particulari
980 832 1125 906 modurn,
1159 834 1238 895 modi
1259 852 1314 895 nec
1334 833 1433 895 cibum
1456 835 1574 896 sumere
1597 837 1770 908 permittit.
1804 837 1920 899 Verum

367 923 421 988 seu
438 922 575 985 ordinem
596 918 710 980 serendi
733 916 828 978 talem
849 933 970 989 poenam
983 960 992 987 ,
1006 911 1055 974 seu
1070 911 1122 972 de·
1161 931 1251 974 nemo
1269 913 1357 986 plane
1374 915 1505 988 dixerit,
1530 931 1701 987 peccatores
1724 937 1798 990 pene
1815 934 1921 979 ornnes

367 1004 555 1075 terminare,
575 998 718 1074 quando,
737 995 772 1060 dt
791 996 897 1070 quibus
917 992 1001 1054 branis
1022 994 1123 1067 priva·
1161 997 1440 1055 excommunicatos
1462 990 1548 1055 suilie
1570 1014 1587 1055 a
1607 994 1643 1053 D.
1672 996 1783 1056 Paulo.
1813 991 1919 1056 Sensus

368 1081 545 1146 tidebcant
567 1077 616 1153 hi,
643 1095 696 1139 aut
724 1076 768 1137 illi
790 1093 963 1151 peccatores
986 1090 1036 1146 per
1055 1090 1121 1132 cen·
1164 1075 1243 1133 idem
1267 1069 1307 1131 esi
1334 1075 1428 1133 etiam
1452 1073 1642 1140 auctoritatis
1663 1074 1691 1134 S.
1715 1073 1855 1150 loannis,
1886 1092 1923 1135 ut

368 1162 477 1236 serras,
496 1156 631 1221 Christus
648 1175 751 1220 autem
768 1173 930 1229 numquam
950 1150 1019 1227 quid
1039 1150 1123 1210 boio-
1161 1148 1281 1235 cooslat
1302 1170 1341 1235 ex
1368 1151 1468 1214 verbis
1491 1154 1576 1225 rplis,
1604 1175 1671 1227 quae
1698 1154 1826 1217 allatum
1854 1170 1923 1215 tex·

366 1240 462 1308 finodi
483 1236 613 1312 statuit,
633 1253 688 1298 aut
705 1236 924 1297 determinavit
941 1278 949 1305 ,
967 1251 1037 1292 cum
1057 1229 1125 1290 nul-
1165 1248 1230 1291 tum
1249 1230 1485 1307 subsequuntur3
1507 1232 1568 1311 Qui
1579 1233 1741 1297 enimditii
1753 1235 1815 1310 ilii,
1830 1236 1923 1307 Atre,

369 1322 419 1387 lus
439 1316 578 1396 assignari
598 1333 691 1390 queat
714 1316 797 1376 locos
819 1335 849 1373 m
867 1314 971 1374 divina
988 1310 1108 1382 Scriptu
1163 1308 1357 1373 communicat
1370 1309 1504 1387 operibus
1519 1313 1582 1374 rius
1603 1313 1759 1392 malignis,
1778 1315 1828 1379 vel
1846 1316 1923 1387 quia

369 1421 423 1475 ra,
454 1398 505 1460 ubi
535 1396 563 1458 id
591 1415 661 1457 eum
684 1395 775 1471 egisse
805 1389 973 1454 reseratur.
1002 1388 1042 1452 Et
1069 1386 1126 1449 lroc
1166 1390 1289 1471 videtur
1311 1396 1347 1451 iis
1366 1391 1560 1467 consentire,
1588 1393 1638 1454 vel
1668 1416 1736 1469 quta
1758 1391 1923 1457 confirmat

370 1481 519 1558 probator
543 1477 639 1538 etiam
657 1494 695 1535 ex
716 1493 754 1535 eo
769 1522 776 1549 ,
793 1478 864 1547 quia
885 1471 958 1532 nihil
981 1468 1127 1530 habeatur
1166 1472 1197 1529 in
1219 1468 1271 1529 luo
1290 1488 1392 1531 errore
1413 1471 1491 1531 male
1513 1466 1710 1548 sentiender3
1737 1471 1772 1536 δε
1792 1471 1856 1535 esto
1877 1488 1924 1533 et·

373 1567 405 1625 in
436 1554 603 1627 Censoris,
628 1553 706 1628 quod
738 1550 867 1616 Ecclesia
904 1547 952 1612 sua
977 1545 1128 1623 potestate
1166 1553 1228 1610 iam
1247 1548 1324 1621 quod
1346 1548 1434 1612 allati
1463 1566 1569 1613 textus
1589 1551 1786 1627 loquerentur
1813 1552 1849 1615 de
1867 1569 1924 1613 ex·

372 1654 495 1704 mutare
526 1652 678 1710 nequeat,
704 1654 776 1696 cum
806 1637 837 1697 in
866 1630 1011 1692 hodierna
1041 1630 1127 1702 praxi
1165 1630 1459 1704 communicatione,
1492 1628 1542 1691 seu
1562 1635 1707 1707 censura,
1732 1652 1771 1695 ert
1794 1630 1851 1695 hoc
1878 1647 1923 1692 ta-

374 1720 507 1784 mulraa
529 1711 652 1777 vetolio
672 1710 725 1776 usu
750 1716 912 1775 immotam
934 1708 1009 1769 lint.
1031 1706 1129 1782 igitur
1167 1727 1236 1769 men
1267 1703 1371 1769 inserti
1402 1729 1462 1770 non
1489 1706 1583 1780 posset
1608 1711 1667 1772 esle
1700 1716 1772 1774 iuris
1797 1712 1924 1784 divini,

372 1801 498 1863 minime
519 1793 578 1857 dici
604 1792 724 1869 possunt
744 1794 879 1856 ceosurae
903 1809 920 1852 a
941 1787 1061 1849 Chrillo
1085 1788 1130 1845 in·
1167 1792 1235 1861 quia
1257 1808 1327 1848 cum
1343 1788 1440 1850 multa
1463 1786 1592 1849 fecerint
1614 1790 1773 1866 Apolloli,
1791 1810 1824 1853 ut
1846 1793 1926 1853 Prat-

374 1878 562 1950 stitutae,ac
577 1873 809 1950 determinatae,
828 1874 901 1933 dum
919 1887 957 1953 ea
976 1886 1043 1942 quae
1064 1870 1129 1927 iure
1169 1867 1246 1943 lati,
1276 1867 1307 1930 ἃ
1327 1865 1466 1941 ludices,
1496 1888 1563 1943 quae
1584 1868 1719 1932 Chrislus
1741 1892 1792 1947 per
1816 1869 1862 1948 se,
1893 1870 1926 1934 dt

375 1960 482 2023 divino
503 1952 573 2016 sunt
591 1953 753 2028 instituta,
771 1952 819 2014 vel
838 1953 976 2024 prorius,
995 1946 1044 2008 vel
1057 1964 1129 2008 non·
1168 1943 1322 2022 speciatim
1332 1964 1392 2009 non
1404 1945 1597 2025 instituerat,
1618 1949 1687 2013 hinc
1699 1948 1926 2024 sequitur,ooo

375 2038 427 2103 nist
451 2055 521 2098 raro
536 2081 544 2109 ,
560 2032 593 2096 dc
610 2035 639 2092 in
656 2028 725 2094 casu
744 2030 831 2092 valde
848 2026 1004 2106 singulari,
1026 2041 1059 2088 ut
1077 2042 1131 2085 no·
1169 2044 1258 2089 omne
1274 2026 1353 2098 ottod
1370 2024 1413 2088 est
1434 2027 1635 2093 institutionis
1647 2028 1841 2107 aposlolicae,
1861 2031 1928 2091 iden

376 2134 425 2182 tat
446 2116 558 2177 Suatez
574 2111 644 2188 disp.
668 2129 695 2169 a.
720 2108 784 2172 less.
811 2130 835 2171 r.
856 2109 967 2171 variari
989 2106 1130 2182 possunt.
1169 2107 1229 2168 esse
1252 2110 1345 2167 etiam
1367 2103 1567 2171 institutionis
1588 2109 1722 2174 divinat.
1953 2105 1956 2112 ’

417 2196 485 2259 Nec
506 2194 563 2256 dici
586 2191 703 2265 potest,
726 2189 879 2251 Christum
900 2186 1065 2250 Dominum
1087 2190 1131 2243 in·
1210 2185 1282 2246 Dari
1309 2189 1339 2247 iu
1361 2185 1491 2250 Ecclesia
1520 2185 1701 2263 poteslatem
1726 2188 1928 2264 insiitucnrli,

381 2272 512 2338 {licuisse
541 2272 888 2333 excommunicationem
917 2268 976 2328 illis
1006 2262 1105 2328 verbis
1115 2284 1132 2350 ·,·
1171 2261 1334 2351 &serendi
1352 2271 1698 2332 excommunicationem
1712 2270 1928 2346 aliasquecen·

376 2357 408 2421 Si
423 2354 579 2432 acalciam
591 2372 646 2412 narr
660 2349 792 2412 audierit
804 2400 811 2426 ,
824 2351 864 2431 sit
881 2344 934 2411 tibi
944 2343 1132 2427 ficuiEiltm·
1171 2346 1274 2420 suras,
1296 2347 1447 2421 puniendo
1472 2346 1573 2409 fideles
1599 2350 1803 2422 spiritualium
1832 2350 1926 2411 bono·

378 2431 699 2507 cusflPudlicamrr,
715 2428 796 2505 quali
815 2428 1133 2499 hicvirtualiterprae·
1172 2446 1237 2489 rum
1259 2428 1457 2500 privatione,
1482 2426 1524 2489 esi
1550 2426 1586 2486 de
1612 2426 1672 2490 fide
1701 2448 1806 2493 contra
1833 2427 1926 2492 Alba·

378 2518 472 2593 cipiar
500 2508 638 2573 Eccleliae
668 2508 857 2586 Palloribue,
881 2525 917 2571 ut
939 2523 1134 2570 contumaces
1172 2504 1296 2581 nenses,
1313 2502 1528 2581 Wiclephum,
1554 2506 1640 2577 Hos,
1665 2509 1858 2571 [urbemn.-
1887 2507 1927 2568 Et

377 2593 450 2657 soris
471 2589 701 2667 expellant,&
723 2609 739 2652 a
762 2589 898 2650 fidelium
918 2585 1133 2650 communione
1173 2585 1230 2647 ltoc
1260 2583 1380 2647 constat
1415 2599 1481 2646 tum
1512 2603 1551 2644 ex
1582 2585 1762 2648 definitione
1796 2587 1926 2649 Concilii

376 2671 554 2748 seiungam.
570 2668 659 2729 ·Nam
679 2665 699 2728 st
716 2666 850 2729 Christus
868 2667 907 2727 ibi
931 2686 1037 2729 veram
1053 2660 1136 2723 insti·
1171 2661 1411 2724 Conslantienlis
1431 2659 1493 2724 sels.
1513 2661 1540 2722 8.
1559 2682 1618 2725 etr.
1640 2680 1665 2742 ς.
1683 2664 1715 2728 &
1732 2663 1796 2727 sesi.
1816 2682 1862 2742 19.
1880 2685 1928 2727 er·

377 2752 485 2816 tuisset
505 2750 883 2821 excommunicationem,
911 2764 1015 2807 omnes
1036 2742 1135 2803 omni
1175 2761 1232 2806 ror,
1255 2757 1326 2817 19·,
1349 2759 1415 2804 tum
1432 2762 1470 2804 err
1489 2741 1578 2807 Bulla
1594 2744 1722 2807 Martini
1741 2745 1800 2822 V.‚
1821 2744 1926 2817 ortibus

377 2850 438 2903 no,
466 2832 517 2902 qui
548 2826 686 2888 Ecclesrae
717 2826 869 2888 mandaris
895 2844 955 2887 noo
979 2821 1136 2896 obtempe·
1173 2822 1335 2886 damnatus
1364 2818 1426 2885 suit
1462 2842 1547 2885 error
1584 2824 1745 2889 catholicae
1785 2827 1928 2888 doctrinae

377 2925 471 2982 rant,
505 2910 571 2969 iure
597 2905 703 2966 divino
732 2906 828 2966 essent
858 2904 1137 2977 excommunicati,
1173 2905 1341 2966 contrarius
1355 2904 1386 2964 in
1404 2901 1553 2977 prioribus
1573 2900 1720 2981 sellariis,
1741 2924 1807 2968 tum
1824 2927 1861 2966 ex
1886 2908 1928 2967 iu·

377 2987 457 3058 uttod
487 2980 644 3048 manifeste
672 3000 758 3057 patet
773 2984 834 3045 eil'e
852 2984 942 3046 valde
959 2979 1133 3064 absurdum.
1172 2984 1250 3052 dicio
1266 2983 1377 3045 Leonis
1402 2981 1457 3059 X.,
1484 2987 1534 3058 qui
1561 2985 1697 3046 cumdem
1724 3006 1857 3049 errorem
1874 3005 1928 3048 no·

378 3066 489 3127 Verius
512 3062 632 3138 quidem
657 3062 714 3124 dici
742 3059 859 3137 potest,
883 3084 921 3125 ex
943 3061 1070 3149 hisquae
1091 3064 1134 3146 leo
1174 3060 1287 3126 viffime
1304 3061 1472 3138 proscripsit
1497 3080 1604 3126 contra
1625 3063 1827 3142 poslrcmum,
1856 3062 1928 3127 idest

379 3163 515 3220 qutmtur
532 3147 562 3203 in
584 3140 691 3202 codem
706 3145 834 3218 capite,
856 3161 967 3214 nempe
986 3138 1137 3219 quidquid
1173 3141 1343 3205 Luthetum
1359 3147 1390 3205 in
1407 3142 1604 3206 damnatione
1626 3148 1782 3207 variarum
1799 3144 1930 3208 eiusdem

382 3224 519 3303 lr'gavrrr's
540 3222 630 3300 saper
659 3233 768 3284 terram
798 3221 882 3296 dra,
913 3221 1065 3283 Chrislum
1091 3220 1135 3306 bis
1173 3220 1571 3300 propositionum,qoarum
1584 3223 1629 3284 1¹8.
1649 3223 1728 3287 hunc
1741 3223 1926 3288 continebat

381 3305 478 3365 verbis
501 3299 633 3364 innuisse
660 3305 762 3374 potius
787 3301 815 3362 se
840 3297 978 3363 conserte
995 3297 1135 3362 Ecclelrae
1172 3321 1328 3374 errorem;
1361 3320 1481 3364 tomex
1503 3303 1557 3364 usu
1584 3321 1733 3377 perpetuo
1759 3307 1855 3364 totius
1873 3302 1931 3364 Ec·

382 3379 563 3446 sacoltatcm
592 3377 763 3441 instituendi
793 3378 948 3455 censuras,
967 3399 1058 3453 quam
1086 3397 1135 3440 eas
1172 3380 1286 3443 cleliar.
1309 3380 1403 3443 Error
1420 3399 1524 3443 tamen
1551 3385 1755 3443 recentiorum
1783 3381 1928 3444 Novato·

383 3463 555 3525 inliituere.
575 3461 671 3536 Igitur
689 3463 868 3533 neutiquam
884 3457 1017 3519 Cbrisius
1033 3457 1136 3518 Domi·
1174 3479 1267 3537 rum,
1289 3479 1325 3523 ut
1351 3460 1498 3535 Lutheri,
1528 3459 1560 3525 δι
1575 3460 1722 3537 Calvini,
1749 3481 1807 3523 oon
1827 3459 1934 3522 versa·

383 3562 434 3604 nur
459 3541 606 3605 censurat
631 3537 809 3600 conslituit.
841 3538 907 3601 Nec
933 3533 1136 3614 suffragantur
1175 3557 1224 3601 tur
1245 3541 1329 3604 circa
1355 3538 1495 3602 Eccleliae
1518 3540 1700 3617 potestatem
1724 3536 1838 3602 serendi
1859 3560 1930 3604 ceo·

383 3624 545 3684 contrariae
571 3619 732 3681 sententiae
763 3617 970 3681 testimoninm
990 3617 1028 3678 D.
1051 3618 1135 3679 Pauli
1174 3616 1255 3682 suras
1274 3669 1281 3694 ,
1303 3618 1350 3684 sed
1374 3626 1453 3682 circa
1479 3623 1676 3683 censurarum
1697 3618 1851 3683 elisium.
1873 3618 1931 3680 sil·

383 3703 416 3761 ad
444 3701 553 3763 Titum
571 3722 635 3771 cap.
664 3712 690 3775 3.
714 3699 800 3761 cuius
830 3696 922 3760 verba
949 3696 1014 3761 haec
1045 3693 1133 3759 sunt:
1174 3718 1225 3761 tro
1244 3702 1372 3762 enimhi
1394 3700 1570 3764 concedunt
1591 3700 1670 3775 tolie
1690 3700 1854 3765 Ecclesiam
1880 3722 1931 3762 ex·

388 3782 569 3843 Haereticam
591 3778 733 3842 hominem
751 3779 805 3859 post
819 3773 1018 3856 primam&
1034 3775 1137 3855 secun*
1173 3785 1397 3843 communicare
1414 3779 1481 3842 suos
1500 3781 1684 3856 perduelles,
1709 3783 1857 3856 privando
1878 3802 1931 3841 eos

388 3860 454 3921 dam
477 3858 681 3922 rorrtc'iioncm
704 3858 824 3933 detrita,
843 3857 882 3921 ·&
903 3860 931 3920 S.
962 3857 1082 3920 loannis
1107 3856 1138 3917 io
1173 3858 1260 3922 bonis
1282 3861 1500 3922 tantumnodo
1519 3863 1650 3934 politicis
1669 3859 1932 3923 exterioriborseu

385 3937 511 4001 secunda
533 3941 583 4000 lua
606 3935 759 4011 Erislola,
780 3940 829 4017 ubi
853 3942 915 4014 ait;
946 3935 978 4001 sr'
1002 3937 1067 4015 quis
1084 3956 1138 3999 vc·
1175 3935 1408 4014 temporalibus,
1426 3960 1488 4000 non
1508 3961 1581 4003 vero
1598 3941 1683 4001 bonis
1704 3936 1933 4012 spiritualibus,

387 4018 429 4080 trit
449 4020 489 4080 ad
516 4039 587 4091 vos,
616 4015 655 4083 (5
677 4017 751 4080 banc
773 4018 936 4082 docirinam
957 4039 1013 4079 non
1039 4018 1141 4101 afferi,
1174 4017 1206 4081 δι
1238 4022 1359 4083 interna
1390 4017 1602 4096 suffragiorum
1633 4020 1929 4081 communicatione.

388 4098 475 4161 nolite
495 4118 563 4162 eum
584 4099 705 4173 recipere
734 4097 764 4158 in
793 4099 930 4175 dmum,
955 4117 1005 4160 neo
1022 4104 1090 4160 Ave
1113 4116 1139 4159 er
1174 4098 1290 4161 Contra
1311 4119 1385 4171 quos
1403 4096 1463 4160 stt:

382 4178 552 4242 dixeritis:
584 4175 662 4251 quast
687 4177 717 4237 hi
745 4177 804 4240 duo
830 4196 934 4241 textos
959 4180 1139 4240 contineant
1216 4178 1390 4240 Veritatem
1405 4177 1593 4240 catholicam
1609 4178 1647 4239 de
1666 4177 1932 4254 potcstatcEccle·

382 4259 749 4334 excommunicationem,
773 4279 807 4320 ac
833 4260 959 4333 proinde
985 4257 1057 4319 talis
1086 4276 1138 4318 ex·
1176 4256 1223 4318 srae
1242 4254 1416 4319 instituendi
1437 4306 1445 4333 ,
1466 4257 1497 4319 dc
1516 4254 1630 4320 serendi
1647 4258 1787 4321 censuras
1806 4264 1934 4330 privan-

383 4340 625 4400 communicatio
643 4353 751 4412 utpote
770 4339 913 4400 derivata
936 4336 972 4398 ab
989 4333 1138 4410 apostolis
1177 4354 1221 4398 tes
1244 4332 1445 4410 spiritualibus
1462 4335 1571 4410 bonis,
1592 4358 1627 4400 ac
1649 4343 1770 4402 interna
1794 4337 1933 4401 Ecclesiae

380 4414 417 4481 stt
439 4417 477 4480 de
494 4420 560 4480 iure
575 4416 699 4479 divino.
720 4418 800 4479 Nam
818 4420 905 4480 citati
927 4434 1030 4479 textus
1051 4415 1142 4477 intel·
1178 4412 1379 4491 spiritualium
1397 4415 1608 4493 suffragiorum
1633 4423 1936 4492 communicatione,

381 4494 434 4574 ligi
453 4498 574 4571 poliunt
600 4544 607 4570 ,
633 4494 666 4558 dc
684 4494 794 4559 debent
812 4499 848 4559 de
870 4496 1003 4559 naturali
1026 4495 1138 4569 obliga·
1177 4490 1411 4557 maniseslislime
1429 4499 1558 4571 probant
1576 4498 1685 4559 Chrisii
1701 4500 1793 4563 verba
1817 4495 1933 4561 Matth-

381 4581 471 4640 tione
489 4576 690 4649 vitandieos,
706 4577 752 4649 qui
769 4574 1140 4659 poliuntdamnioccalio·
1180 4578 1225 4635 16.
1245 4573 1278 4637 ὃ(
1297 4575 1346 4636 18.
1366 4579 1397 4637 in
1417 4578 1811 4655 primoquoromhabetur;
1836 4574 1936 4653 Quod-

378 4674 453 4719 nem
474 4655 561 4718 nobis
592 4652 725 4731 afferre,
752 4656 917 4718 cuiusmodi
948 4655 1017 4718 sunt
1036 4657 1139 4730 praeci·
1176 4673 1298 4730 cumque
1321 4654 1460 4734 ligaveris
1477 4657 1566 4735 super
1587 4658 1792 4735 terram,rrit
1813 4659 1936 4733 ligatum

375 4755 442 4814 pun
465 4734 560 4798 modo
583 4735 733 4798 Haeretici
757 4783 765 4812 ,
793 4755 920 4811 quorum
948 4733 1140 4798 conversatio
1177 4733 1217 4800 (a
1236 4734 1268 4795 in
1287 4736 1394 4811 Coelir,
1414 4735 1447 4799 &
1468 4743 1499 4797 in
1516 4739 1635 4812 altero,
1651 4742 1755 4802 Amen
1771 4737 1833 4798 dico
1852 4730 1935 4796 uobis

378 4815 475 4880 valde
490 4814 659 4890 periculosa
687 4812 757 4892 esi,
784 4833 824 4878 eo
853 4814 933 4891 quod
954 4835 1061 4879 eorum
1082 4813 1139 4876 ser·
1176 4835 1362 4892 quacumque
1383 4817 1583 4894 alligaveritis
1604 4816 1684 4887 &c.,
1706 4813 1817 4888 &post
1841 4813 1934 4875 verba

375 4914 463 4973 mo,
489 4892 578 4958 sicuti
596 4911 686 4957 notat
716 4892 822 4972 Apoll.
847 4912 876 4956 a.
905 4894 941 4958 ad
973 4893 1091 4957 Timot.
1111 4914 1138 4955 a.
1177 4899 1286 4967 prioris
1308 4899 1419 4968 capitis
1441 4897 1609 4974 subiungit,
1636 4894 1723 4972 Quod
1739 4896 1765 4970 st
1781 4893 1934 4972 Etolefiam

379 4979 425 5048 Ut
444 4990 549 5040 cancer
559 4971 672 5053 serpit.
695 4972 899 5050 Quamobrem
916 4972 994 5037 idem
1010 4971 1140 5052 Apollo·
1177 4996 1232 5036 non
1252 4974 1401 5049 audierit,
1429 4987 1455 5038 rt
1471 4976 1525 5038 tibi
1541 4988 1691 5051 tamquam
1712 4971 1854 5036 achaicus
1869 5023 1878 5047 ,
1893 4970 1935 5039 (5

381 5053 433 5128 lus
456 5074 486 5117 r.
508 5054 651 5143 Corinth:
684 5075 711 5133 5.
740 5074 804 5120 non
834 5056 934 5118 minus
963 5056 1075 5119 acriter
1096 5055 1140 5118 iu·
1178 5052 1374 5120 Publicanos:
1429 5054 1457 5119 bi
1474 5056 1624 5133 duplicem
1640 5052 1821 5130 potestatem
1838 5053 1933 5122 liran-

428 5175 436 5187 ³
462 5134 565 5224 hstis·
584 5132 682 5204 Theos·
703 5135 813 5204 Mons·
836 5132 929 5204 Tema
949 5132 1002 5202 Vl·
1575 5133 1601 5196 E
1843 5133 1870 5195 dl
1887 5179 1896 5208 a
