4584 5992
604 568 668 619 ue
705 546 882 614 Sraru
926 538 1240 615 R'sarnroso
1277 537 1502 613 canti.
1709 544 1784 638 289

284 646 377 729 ipsam
401 663 519 723 quoqne
543 644 731 707 Reditionem
762 633 955 725 refrigescere
985 655 1039 697 ne·
1077 638 1174 700 omnia
1193 636 1334 723 inimicat,
1353 639 1449 702 cedde
1461 640 1592 716 peritur,
1612 640 1725 708 incaute
1735 645 1836 722 recipl-

283 729 426 796 carleuil
453 743 514 803 ,nt
539 725 602 787 lule
625 727 712 787 Lezz.
734 723 771 784 de
787 719 915 796 Rclorm.
949 720 1042 795 Regu·
1079 737 1148 795 tur,
1165 717 1205 781 dt
1227 720 1374 781 incautius
1389 724 1603 794 contrariatur.
1628 722 1838 790 [indecem.

287 813 345 876 lar.
361 830 428 885 cap·
453 823 477 886 3.
495 804 527 868 dr
550 828 577 883 4.
597 805 673 867 Haec
690 807 807 874 aliaque
823 808 834 873 l
849 817 892 859 art
913 799 1044 859 celenet·
1080 801 1100 857 ιι
1123 801 1246 873 penuria
1270 802 1301 862 dt
1320 798 1465 861 Fratrum
1482 799 1739 872 multiplicatione
1768 828 1835 879 pro·

287 895 384 956 rimus
399 883 565 951 Canonilla
576 880 777 958 Van-Elpeo)
797 899 830 940 ut
843 886 912 938 lunt
925 896 1044 949 otium,
1059 876 1065 966 l
1080 874 1193 939 fluebat
1211 879 1482 955 otioque-evagatio
1501 881 1699 953 plurimorum
1710 888 1745 945 sd
1758 886 1835 948 elec.

285 969 436 1047 evagandi
457 966 607 1040 libertas,
638 983 737 1025 terum
763 957 978 1031 temporalium
992 964 1276 1035 cii-‘molynarum
1306 956 1451 1032 qtiaellum
1477 1005 1486 1034 ,
1516 958 1566 1022 vel
1591 969 1684 1026 etiam
1714 983 1837 1039 propter

285 1071 341 1125 ta,
363 1070 398 1112 ac
423 1049 460 1109 de
485 1047 621 1107 hiscum
658 1039 827 1104 hominibus
856 1036 1044 1098 laecnlaribus
1080 1039 1235 1110 corporale
1256 1039 1503 1112 lolatrum,(ait
1527 1045 1577 1103 cit.
1609 1040 1721 1105 Dollor
1748 1048 1836 1106 Sera·
1905 1052 1907 1056 ’

286 1126 466 1203 uallarat,
497 1129 588 1185 immo
612 1118 646 1185 δι
671 1125 739 1182 lites
766 1138 800 1179 ac
829 1134 1044 1178 contentiones
1082 1115 1208 1190 phtius)
1226 1137 1472 1200 pergravantium
1500 1139 1550 1182 eos
1576 1141 1626 1195 per
1655 1144 1727 1196 quos
1745 1124 1841 1187 aranti

286 1207 433 1275 forenses
449 1203 611 1268 lullinendi
634 1222 669 1264 ac
694 1196 892 1275 prolequendi
922 1193 1044 1255 rietesfi·
1076 1214 1172 1282 ⁸eunt,
1193 1193 1227 1258 dc
1244 1199 1379 1259 leandala
1402 1205 1502 1271 potius
1519 1222 1611 1273 quam
1626 1205 1765 1277 exempla
1777 1202 1840 1277 poll

286 1303 365 1367 t'as,
390 1285 569 1349 Monallicae
594 1280 756 1355 dilciplinae
779 1276 853 1337 adeo
877 1274 1017 1336 exitialia
1037 1320 1045 1347 ,
1082 1278 1110 1336 le
1133 1276 1339 1349 relinquentes
1359 1324 1367 1348 ,
1387 1279 1456 1341 inde
1472 1301 1541 1342 tum
1561 1283 1707 1346 divitibus
1727 1284 1760 1347 dr
1777 1304 1842 1348 mar

287 1370 429 1450 primitus
450 1362 569 1428 nonnili
586 1380 625 1424 erc
647 1366 740 1421 nimia
756 1358 967 1437 divitiatum,
1000 1374 1044 1414 re·
1081 1355 1223 1431 gnatibus
1244 1358 1330 1418 huius
1342 1359 1443 1419 laeculi
1456 1365 1546 1423 nimia
1559 1357 1770 1439 fanulraritas,
1792 1379 1840 1427 ιε’·

287 1465 418 1523 mmqne
440 1435 908 1519 temporaliumaffluentlaonri
929 1440 1043 1496 lulent.
1083 1433 1294 1497 lieMatthaeo
1312 1435 1462 1499 Parilienli
1484 1442 1838 1507 Monachessenedillino

329 1529 461 1592 Ruinam
471 1522 635 1599 dd‘crplmae
648 1514 849 1587 Monallieaer
871 1530 1045 1585 ³V¹t³msl⁰0
1081 1515 1118 1575 ad
1135 1533 1182 1573 an·
1196 1532 1285 1592 1235.
1297 1514 1456 1581 rdestcirca
1469 1540 1522 1581 vix
1536 1542 1628 1583 annos
1642 1538 1687 1598 30.
1706 1528 1741 1586 ab
1750 1545 1840 1587 exor-

289 1611 438 1685 pietatem
460 1610 490 1666 in
508 1604 613 1665 multis
634 1595 799 1661 Ordinibus
820 1595 1045 1679 exdivttrarunr
1081 1600 1131 1655 dio
1149 1591 1294 1676 Fratrum
1306 1597 1840 1680 Minorunr&Pra·dicatorum,ita·

290 1683 454 1750 affluentia
473 1699 661 1759 tamquama
685 1679 947 1764 venenolorlonte
977 1693 1044 1747 pro·
1082 1692 1117 1734 ut
1150 1690 1225 1735 tunc
1252 1686 1348 1737 eltent
1381 1679 1410 1736 hi
1438 1699 1615 1758 magnatum
1642 1683 1838 1762 consiliarii,

290 1764 409 1831 aurine
426 1780 621 1842 agnoverunt
639 1764 720 1820 inter
747 1756 820 1817 alios
863 1752 883 1811 Γ
888 1755 1046 1814 rithemrus
1084 1758 1186 1815 nuncii
1201 1752 1268 1822 ἀι.
1287 1754 1370 1819 Hinc
1392 1778 1543 1831 pretextu
1573 1763 1686 1836 pariter
1714 1783 1840 1838 pauper·

289 1843 377 1922 supra
396 1847 445 1908 tit.
465 1861 512 1919 ²9·
531 1863 593 1915 cap.
613 1860 639 1918 7.
657 1862 686 1899 n.
715 1855 758 1914 ¹4·
779 1836 929 1895 Arnoldus
947 1833 1046 1895 arbas
1084 1837 1160 1895 tatis
1179 1853 1213 1895 ac
1233 1834 1418 1899 netellrtatis
1440 1840 1633 1903 lublevandae
1663 1841 1766 1904 lenlim
1793 1849 1839 1906 ine

290 1923 487 1992 Lubeccenlrs
519 1928 549 1982 in
576 1920 719 1998 supplem.
755 1917 899 1976 §celmod
936 1913 985 1975 lib.
1017 1925 1044 1984 3·
1083 1913 1173 1973 dulia
1192 1910 1288 1975 elliu
1306 1916 1453 2003 Ordinem
1468 1919 1715 1998 sepulturarum,
1742 1921 1841 1986 date·
1919 1955 1924 1960 -

289 2021 354 2082 esp.
383 2023 411 2083 9.
438 2005 476 2064 D.
508 2002 678 2062 Bernardus
700 2046 707 2071 ,
730 1992 905 2058 Alexander
933 1990 988 2053 lll.
1016 2013 1047 2052 in
1078 1994 1286 2071 sternendarum
1306 1999 1549 2085 auidaquaedam
1570 1999 1709 2081 invasio,
1737 2005 1842 2083 nonfi.

289 2084 374 2161 epill.
406 2083 442 2146 ad
472 2080 605 2146 Abbates
635 2075 843 2139 Cillercrenles
871 2094 901 2132 ιιι
926 2095 992 2148 cap.
1019 2086 1046 2147 3.
1083 2092 1241 2150 nemagna
1260 2077 1340 2137 (lert
1358 2077 1573 2145 turbatione&
1593 2084 1723 2146 maxime
1740 2087 1841 2148 Sacer,

291 2165 462 2245 &deflata
480 2158 665 2234 Monuclali,
687 2180 718 2218 in
744 2175 800 2229 (pua
825 2154 960 2228 deplorat
986 2159 1045 2214 rni-
1083 2152 1209 2214 dolum.
1240 2154 1287 2217 Sic
1313 2177 1343 2217 ιιι
1373 2163 1435 2221 alia
1461 2158 1571 2223 Dodloi
1595 2160 1773 2239 Serapbicus
1804 2163 1840 2227 ad

289 2267 362 2309 nam
382 2242 546 2307 lantlitatis
568 2241 654 2301 huius
679 2237 805 2299 Ordinis
835 2254 874 2298 eu
893 2252 1046 2308 tempora·
1083 2236 1205 2295 eotdem
1226 2235 1451 2301 Provinciales.

290 2326 366 2392 lium
383 2345 481 2391 rerum
500 2315 679 2384 affluentia.
702 2318 763 2390 Qai
777 2319 870 2393 igitur
881 2312 1046 2376 relutman·
1123 2312 1185 2376 Hae
1207 2313 1356 2380 limilelve
1376 2321 1742 2386 diliolutioniaOrdinum
1752 2325 1843 2387 Men·

287 2405 335 2470 dae
346 2400 660 2482 Regularrdrlirpnnae
673 2396 1047 2482 intendunt,nequaquam
1084 2394 1253 2480 dicantrum
1273 2400 1382 2460 canliae
1401 2396 1434 2462 ὅ(
1454 2402 1623 2467 ocealiones
1652 2400 1739 2466 fuere
1765 2425 1840 2466 non·

288 2484 470 2549 divitiarum
492 2480 707 2544 abundantiam
728 2480 892 2538 delrderare
917 2475 1048 2547 debent,
1085 2481 1138 2533 nili
1160 2476 1251 2536 nimia
1274 2475 1419 2542 Fratrum
1441 2480 1784 2557 multiplicatio,&ex
1805 2504 1842 2547 ea

291 2564 437 2639 sedquod
460 2561 534 2625 satis
560 2557 596 2622 stt
628 2555 841 2634 otRelrgroli,
871 2570 932 2617 non
962 2555 1047 2616 laute
1087 2548 1240 2627 profluens
1276 2577 1378 2619 rerum
1417 2561 1646 2625 neeeflariarum
1680 2560 1838 2624 deletion

286 2643 325 2709 dr
347 2643 499 2717 splendide
515 2688 523 2717 ,
537 2638 900 2712 ledcommodetantum,
920 2652 955 2699 ut
969 2653 1046 2707 ptae·
1084 2633 1281 2719 Quapropter
1309 2639 1338 2697 S.
1370 2637 1594 2701 Bonavcntura
1622 2644 1676 2703 cit.
1697 2641 1780 2715 eprll.
1800 2642 1842 2702 lris

287 2722 395 2786 scribit
414 2716 825 2791 Tridentinum,lnllentari
847 2717 992 2789 valeant,
1013 2713 1046 2778 δι
1087 2713 1223 2776 abulrbus
1251 2715 1365 2777 mederi
1394 2719 1529 2792 volens,
1551 2721 1611 2784 alia
1636 2720 1685 2783 lua
1716 2722 1843 2782 Provin-

284 2800 380 2865 Ιιιιιιιί
404 2801 575 2863 llatnerant
594 2801 679 2882 primi
702 2795 895 2859 Carthuliani
924 2798 1048 2860 Ordinis
1084 2794 1211 2858 cialibus
1225 2801 1264 2857 lni
1275 2797 1399 2859 Ordinis
1411 2803 1546 2874 praecipit
1558 2848 1566 2875 ,
1591 2820 1625 2864 ut
1645 2798 1843 2877 restringatur

291 2882 489 2956 fundatores,
506 2895 538 2941 ut
557 2873 692 2940 referunt
711 2876 860 2941 Robertus
877 2876 1048 2941 Montenlis
1086 2874 1291 2937 multitudinis
1314 2883 1476 2954 receptior
1489 2879 1570 2942 Hinc
1587 2883 1619 2940 in
1653 2879 1844 2943 reformatio·

218 3003 229 3012 -
287 2959 327 3022 ἃ
356 2957 482 3023 lacobus
510 2979 526 3019 a
548 2956 689 3021 Vitriaco
713 2961 744 3019 in
774 2960 876 3039 Hister.
904 2959 1046 3022 Occiderit.
1085 2975 1124 3016 ne
1144 2956 1266 3018 Ordinis
1290 2957 1471 3037 Minorum,
1499 2980 1568 3033 qnae
1585 2961 1734 3036 originem
1759 2960 1842 3024 dedit

288 3037 341 3100 lib.
365 3056 391 3097 2.
413 3058 479 3109 cap.
499 3037 545 3098 18.
570 3038 609 3098 Et
628 3039 677 3099 ubi
701 3038 1049 3113 opulentiaiamadell,
1084 3034 1196 3097 Ordini
1216 3035 1475 3111 Capuccinorum,
1505 3038 1650 3102 statuitur
1681 3043 1713 3101 in
1733 3041 1845 3117 iptimis

285 3117 421 3180 multum
440 3115 474 3180 ἀ
492 3120 643 3192 praecipue
663 3115 860 3196 satagendum
879 3117 921 3181 est
939 3168 948 3195 ,
966 3124 1046 3193 'quo
1086 3117 1167 3178 illius
1187 3115 1483 3196 Conllrrurrombus,
1504 3137 1538 3183 ut
1559 3115 1842 3185 Conventus-fami·

283 3199 379 3260 modo
397 3196 627 3258 dill'olutionum
649 3198 767 3262 rivulos
797 3220 837 3260 ex
868 3198 1048 3263 divitiarum
1085 3195 1133 3258 lrae
1155 3216 1315 3259 numerum
1336 3198 1480 3264 Fratrum
1495 3198 1655 3277 laprio-um
1685 3202 1735 3263 vei
1764 3196 1844 3263 odla-

285 3276 476 3341 abnndantia
494 3295 650 3351 tamquam
666 3296 705 3339 ex
724 3276 833 3341 infello
866 3280 954 3343 fonte
983 3297 1047 3340 ma·
1086 3297 1159 3337 vum
1180 3296 1240 3338 non
1261 3281 1418 3356 excedat,
1447 3278 1481 3343 C<
1499 3283 1531 3339 in
1552 3296 1667 3355 magnrs
1693 3280 1843 3341 Civitati·

283 3373 396 3420 nantes
416 3357 574 3420 occludere
594 3376 628 3420 ac
645 3354 794 3421 exsrccare
813 3376 947 3434 queant.
1080 3355 1135 3418 bus
1158 3356 1262 3440 decem
1284 3359 1334 3418 vel
1351 3359 1510 3420 duodecim
1535 3362 1661 3422 circiter
1685 3358 1738 3420 ubi
1760 3378 1844 3419 com·

282 3459 291 3470 ·
327 3436 438 3499 Tertia
461 3438 660 3500 relaxationis
680 3438 781 3501 canna
804 3436 975 3500 l‘uirerrrm
1002 3441 1047 3497 ni·
1078 3436 1171 3516 ‘mode
1202 3436 1506 3509 habitare-polline.
1535 3438 1578 3499 -Et
1603 3438 1643 3500 ob
1673 3438 1701 3498 id
1732 3434 1845 3510 porrlsr·

279 3519 355 3579 ania
373 3529 555 3592 paupertas.
579 3517 607 3578 S.
628 3517 805 3581 Francrleus
826 3516 858 3579 ἃ
882 3517 933 3577 alii
955 3515 1046 3577 Ordi-
1085 3533 1168 3584 mum
1188 3562 1197 3592 ,
1229 3531 1264 3577 ue
1297 3514 1442 3590 perfedlio
1466 3514 1498 3579 ἒ(
1536 3515 1599 3577 sine
1626 3515 1844 3591 impedimento

287 3614 366 3657 num
386 3596 632 3660 Mendicantium
648 3600 755 3661 Patres
778 3596 917 3658 videntes
948 3615 1048 3658 rerum
1079 3594 1203 3671 tragula
1220 3613 1255 3657 at
1272 3592 1373 3658 santra
1391 3614 1552 3672 paupertas
1567 3595 1787 3661 observentur.
1832 3665 1836 3672 ,

282 3677 504 3750 temporalium
523 3679 641 3750 cupiam
663 3674 894 3740 Monachalibus
926 3676 1048 3738 Ordini·
1126 3672 1250 3749 lrrluper
1274 3678 1488 3750 temporalium
1525 3698 1627 3741 rerum
1657 3679 1757 3754 inopia
1777 3723 1785 3752 ,
1809 3673 1842 3740 dt

284 3749 340 3817 lius
364 3754 708 3836 Regularisdil'ciplinae
738 3756 967 3819 dillolutionem
998 3775 1047 3828 pe·
1085 3754 1216 3838 lludium
1246 3754 1396 3818 Ordinem
1426 3756 1647 3829 multiplicandi
1672 3753 1779 3835 fecit,
1807 3774 1842 3822 ut

283 3837 412 3922 petilia,
427 3841 564 3899 omnium
580 3839 792 3913 temporalium
820 3854 919 3897 rerum
940 3834 1048 3910 pollel-
1085 3836 1186 3909 plures
1206 3854 1267 3896 non
1285 3836 1424 3913 probati,
1445 3836 1518 3901 idest
1528 3834 1758 3901 sinelufficienti
1768 3856 1841 3897 exa·

276 3920 401 3977 ²lrnnem
420 3913 455 3980 δι
472 3919 503 3977 in
522 3918 703 3982 Particulari
724 3915 757 3982 dt
775 3920 805 3979 in
833 3918 986 3978 communi
1004 3919 1048 3976 in·
1084 3919 1166 3978 mine
1193 3913 1456 3980 indiscriminatim
1482 3917 1516 3980 dt
1549 3921 1776 3993 praecipitanter
1805 3913 1843 3976 ad

280 3995 441 4059 serdicere
462 4015 627 4069 putarunt.
646 3997 761 4061 Verum
783 4045 792 4075 ,
822 4016 884 4058 non
909 3992 991 4058 secus
1013 4011 1048 4059 ac
1083 3996 1221 4058 Ordnem
1237 3996 1494 4073 admitterentur,
1513 3994 1547 4060 dc
1566 3992 1844 4071 praecipuequando

287 4077 391 4139 nimiae
414 4075 557 4154 divitiae,
577 4076 638 4154 ipl'a
661 4096 821 4153 paupertas
848 4076 1047 4140 relaxationis
1083 4075 1145 4152 spes
1162 4091 1229 4137 erat
1249 4094 1355 4138 eornm
1374 4076 1457 4138 bona
1478 4074 1514 4136 ad
1545 4076 1766 4139 Monallerium
1792 4072 1845 4135 ob·

278 4155 423 4217 caudina
454 4156 606 4233 praebrnt.
632 4155 714 4220 Nam
742 4179 811 4221 tum
843 4156 885 4217 illi
916 4155 1048 4217 Ordines
1085 4174 1237 4227 ventura,
1258 4154 1308 4216 vel
1333 4156 1573 4232 eos-pecuniam
1603 4157 1757 4230 daturos,
1785 4152 1844 4228 qua

285 4229 393 4296 sensim
413 4238 712 4313 multiplicarentur,
728 4259 784 4302 nec
800 4235 1047 4299 moderatusmo·
1082 4236 1265 4297 Conventus
1281 4236 1383 4306 inopia
1405 4253 1609 4306 repararetur
1629 4284 1638 4314 ,
1660 4254 1715 4298 aut
1740 4231 1844 4297 debita

283 4310 339 4378 dus
356 4318 388 4377 in
410 4318 586 4391 recipiendis
609 4318 644 4381 ad
668 4319 807 4381 habitum
840 4314 1049 4392 servaretur,
1082 4310 1241 4377 contrella
1267 4311 1488 4391 solverentur,
1512 4333 1546 4377 ut
1572 4320 1614 4377 eis
1643 4313 1843 4392 exprobavit

280 4404 393 4458 ‘eorum
411 4414 575 4473 paupertas
597 4398 629 4461 dt
648 4400 881 4462 netellariorum
904 4392 1045 4457 deficieu·
1082 4393 1171 4468 supra
1200 4392 1341 4454 laudatus
1367 4391 1395 4454 S.
1421 4391 1643 4458 Bonaventura
1673 4400 1707 4456 in
1723 4395 1842 4472 Apuleg.

283 4474 403 4549 tia,&
425 4496 493 4550 qtiae
525 4477 595 4540 hinc
623 4475 849 4553 consequuntur
874 4471 1048 4551 molestiae,
1086 4472 1132 4535 18.
1157 4476 1202 4535 ita
1219 4490 1254 4533 ut
1277 4475 1308 4532 in
1325 4472 1736 4560 talibusadmrll'rnntbuseos
1751 4473 1842 4546 srmo-

284 4570 337 4615 ens
364 4557 400 4617 ad
420 4559 496 4619 vitae
520 4555 644 4620 l'ubsrdia
665 4554 844 4638 inquirenda
864 4558 1047 4618 etiamtum
1082 4559 1141 4618 niae
1160 4553 1373 4616 damnaverit.
1397 4554 1440 4613 Hi
1457 4571 1546 4629 porro
1568 4575 1628 4619 non
1650 4555 1721 4617 latis
1735 4554 1843 4629 proba·

278 4634 480 4700 relaxatione
498 4637 662 4711 dil'ciplinae
689 4636 910 4711 quodammodo
938 4655 1046 4712 coege·
1083 4639 1106 4700 ti
1130 4640 1161 4696 in
1178 4630 1229 4697 lua
1247 4633 1482 4707 vocatione,&
1498 4651 1536 4697 ex
1566 4636 1678 4710 aliqua.
1701 4635 1761 4697 alia
1790 4634 1843 4695 hu-

281 4731 383 4789 -mnt,
407 4734 439 4777 ut
462 4716 583 4780 conllat
599 4737 638 4779 ex
652 4717 699 4794 5D.
717 4716 833 4780 Bonav.
853 4719 883 4777 in
910 4718 994 4792 epiil.
1017 4729 1057 4785 ις
1083 4707 1173 4779 ma'ne
1199 4712 1441 4777 contidrrrrrone
1464 4710 1596 4777 facilius·
1609 4735 1700 4788 quam
1720 4731 1846 4784 oporte·

281 4796 323 4855 ad
339 4796 551 4860 Provinciales
572 4794 614 4859 sui
632 4797 775 4873 Ordinis,
794 4800 823 4858 in
842 4815 902 4870 qur
923 4795 1047 4859 demon·
1082 4796 1136 4858 bat
1157 4792 1290 4871 admill'r,
1311 4798 1439 4873 rigorem
1460 4794 1588 4872 Repulae
1610 4814 1672 4859 non
1690 4790 1843 4869 ferentes,

281 4870 378 4949 litat,
395 4880 523 4952 primam
544 4881 623 4940 iuter
648 4876 762 4940 caullas
783 4873 977 4951 prolapsionis
1003 4871 1046 4938 sui
1082 4896 1150 4937 eam
1172 4893 1225 4950 per
1254 4871 1378 4937 [similes
1405 4878 1680 4947 interpretationes
1703 4876 1845 4950 mitigare

275 4952 418 5018 Ordinis
441 4953 529 5019 soille
560 4959 683 5018 nimiam
706 4973 944 5033 paupertatem.
971 4957 1049 5018 Hinc
1082 4952 1268 5018 studebant,
1291 4954 1388 5019 Hisce
1413 4953 1719 5034 irlterpretationibus
1746 4949 1845 5015 acces·

276 5033 355 5109 :luit
377 5032 417 5098 ibi
440 5034 613 5112 §.Dulium
631 5039 806 5117 negotiorum
823 5034 1027 5112 multiplicitas
1039 5029 1069 5167 ,ί
1082 5031 1146 5098 sere
1165 5036 1384 5112 mitigationes·
1397 5033 1602 5113 stprliilegia
1619 5034 1657 5097 ab
1669 5031 1846 5110 Apollolrca

276 5127 343 5191 qus
361 5115 489 5191 pecuaria
513 5116 598 5192 asari
623 5114 744 5181 ordiris
769 5114 934 5195 paupertati
956 5113 1157 5198 superjede
1180 5116 1356 5202 importune
1371 5106 1547 5198 impetrata
1564 5162 1574 5193 ,
1590 5108 1847 5196 querulorum

313 5231 319 5244 ¹
343 5194 455 5282 &lma
476 5196 571 5265 Tbmt
592 5198 703 5267 monde
725 5195 817 5267 Tom-
838 5194 892 5262 vl·
1532 5189 1567 5260 Τ
1767 5192 1805 5258 ab
