4584 5992
416 557 493 634 130
796 540 1476 612 Terentius

475 638 478 643 ’
1153 630 1269 709 iliani,
1292 649 1347 694 nec
1376 629 1450 694 alias
1471 649 1552 694 mere
1573 622 1702 696 liumana
1725 627 1910 714 prudentia,

677 728 708 786 §-
750 717 800 782 ll.
1153 730 1186 777 ut
1207 731 1259 776 eoi
1276 712 1375 789 arguit
1392 709 1577 783 Rotbaiius,
1607 731 1641 773 ac
1673 711 1740 775 ideo
1756 715 1905 795 colligato

1151 792 1249 868 &pio
1271 790 1373 868 lensii,
1399 810 1459 853 non
1479 790 1744 864 multiplicitatem
1771 795 1908 873 Religio·

363 890 406 950 Dc
424 881 597 960 diverfitcte
611 876 651 943 O*
669 872 888 952 multiplicitate
905 870 1116 954 Religiosoriim
1151 892 1224 957 oiim
1237 917 1247 948 ,
1261 890 1329 946 quae
1346 869 1430 934 utilis
1448 867 1586 960 Ecclesiae
1605 872 1692 945 plane
1711 869 1834 938 latendi
1846 872 1910 949 ell,

655 957 820 1022 Ordinem.
1151 951 1199 1015 led
1222 969 1343 1014 tantam
1358 948 1623 1033 multiplicitatem
1645 952 1769 1015 laudare
1794 975 1828 1016 ac
1855 976 1913 1029 ap·.

1152 1030 1275 1109 probare
1303 1029 1463 1105 nesciunt,
1482 1050 1552 1091 cuin
1568 1050 1606 1093 ex
1634 1029 1693 1106 ipsa
1714 1034 1911 1105 experientia.

402 1112 542 1179 Tametsi
563 1113 637 1178 olim
657 1115 754 1178 etiam
772 1112 854 1172 inter
872 1109 1045 1174 Monacliot
1062 1129 1118 1186 pro
1151 1105 1383 1174 niaoiselliss'ime
1404 1106 1543 1187 constet,
1563 1111 1594 1171 in
1612 1128 1698 1174 tanta
1712 1111 1909 1192 Religionum

363 1214 537 1272 temporum
566 1195 758 1267 locorumque
789 1194 944 1253 varietate
966 1194 1052 1255 varia
1073 1187 1116 1252 es·
1151 1190 1350 1254 multitudine
1379 1193 1527 1267 geminari
1562 1190 1642 1266 posse
1672 1197 1802 1267 gemitui
1829 1191 1911 1256 lere·

364 1277 408 1341 set
430 1274 653 1351 aliquantulum
667 1271 804 1336 exterior
819 1291 925 1333 corum
940 1267 1116 1346 disciplina,
1151 1272 1240 1332 rniae:
1272 1267 1630 1361 Multiplicastigtnttm,
1662 1272 1701 1336 (5
1721 1293 1778 1335 non
1798 1268 1911 1349 magni·

362 1374 514 1436 quatenus
548 1356 623 1418 lianc
654 1355 704 1414 vei
740 1350 824 1412 illam
861 1348 1115 1411 Monalletiorum
1145 1349 1238 1429 fitasli'
1257 1347 1413 1437 lii-titiam,
1434 1368 1479 1411 iti
1502 1346 1720 1415 iitsinumeio
1746 1358 1908 1429 paucioret

364 1438 517 1513 praepoliti
537 1431 813 1511 magisconvenire
841 1427 1024 1506 censebant3
1051 1426 1114 1492 licet
1149 1431 1245 1491 client
1268 1430 1333 1492 Reli
1356 1432 1406 1490 ioli
1436 1428 1585 1506 Ordines,
1616 1429 1725 1494 melius
1756 1429 1855 1495 sotsan
1877 1436 1910 1494 in

364 1536 469 1582 tamen
504 1516 639 1578 varietas
668 1513 829 1573 exteriorii
858 1506 1022 1583 disciplinae
1052 1528 1114 1571 non
1151 1507 1302 1587 Religioia
1362 1508 1520 1572 servantia
1547 1512 1773 1588 retinerentur,
1794 1534 1828 1575 ac
1859 1532 1913 1574 eo·

362 1593 568 1660 constituebat
596 1592 681 1654 illam
711 1588 861 1652 Ordinum
885 1586 1116 1664 diversitatem,
1150 1611 1217 1653 rum
1232 1590 1316 1651 zelus
1336 1591 1367 1650 in
1388 1588 1591 1652 Christianam
1616 1590 1830 1665 rempublicam
1847 1612 1910 1655 ma·

363 1696 432 1754 qiiae
461 1672 560 1751 postea
581 1690 621 1735 eii
638 1675 729 1735 variis
747 1668 938 1741 Religionum
961 1664 1114 1730 fundatio·
1150 1676 1196 1747 git
1216 1664 1416 1743 fervesceret,
1447 1690 1482 1732 ac
1508 1670 1631 1744 proinde
1657 1678 1754 1735 maior
1785 1690 1911 1748 quoque

365 1754 453 1821 nibus
480 1752 515 1819 d(
547 1751 730 1829 Regularum
767 1745 1007 1810 institutionibus
1044 1763 1113 1812 orta
1152 1742 1299 1819 protestor
1327 1751 1358 1809 in
1388 1747 1508 1811 fidelem
1535 1749 1677 1824 populum
1705 1752 1912 1816 redundaret.

364 1834 427 1898 esi:
448 1838 512 1898 Uim
533 1834 635 1913 quippe
652 1841 714 1894 erat
730 1825 1116 1905 antiquitusMoiiatliorum
1151 1828 1190 1890 Et
1212 1848 1336 1905 revera,
1363 1849 1432 1889 cum
1459 1827 1572 1890 saeculis
1595 1830 1754 1895 undecimo
1776 1830 1808 1895 ἃ
1838 1832 1913 1895 duo·

360 1912 499 1995 societas,
524 1915 534 1988 l
568 1921 610 1975 ait
630 1906 843 1974 eruditissimus
863 1906 1063 1971 Mabillonius
1083 1909 1114 1967 in
1151 1908 1265 1970 decimo
1283 1908 1498 1982 multiplicari,
1521 1927 1554 1969 at
1577 1926 1624 1972 tor
1646 1930 1737 1973 novae
1756 1914 1910 1975 continuo¹

365 1992 486 2070 praesat.
509 1994 543 2055 ad
564 2011 589 2052 1.
609 2009 687 2064 part.
709 1988 808 2053 saeculi
827 1990 927 2060 qiiarti
948 1984 1115 2073 benedidi-
1151 1987 1324 2066 Religionis
1345 2006 1492 2129 exurgere
1509 1987 1687 2065 coepislent,
1709 2012 1769 2053 non
1789 1990 1851 2053 levi
1872 1993 1913 2054 tia

366 2095 476 2138 noriiin
498 2093 527 2133 n.
546 2070 593 2133 la.
613 2073 625 2144 )
637 2065 738 2148 facilis
760 2069 800 2131 O
814 2064 992 2144 promiscuus
1005 2064 1036 2129 t'n
1055 2065 1115 2127 alia
1150 2087 1233 2130 more
1254 2062 1395 2129 assedam
1430 2089 1446 2127 e
1466 2065 1554 2128 sensit
1577 2065 1727 2138 Ecclesia.
1747 2090 1784 2132 ne
1804 2092 1842 2133 ex
1861 2090 1912 2132 ea·

365 2150 538 2232 Μοηαβενία
556 2149 767 2213 monachorum
789 2144 918 2209 inuitem
947 2167 1012 2209 cum
1035 2150 1115 2207 Prae·
1151 2145 1287 2210 cumdem
1304 2147 1501 2210 multitudine
1524 2168 1558 2211 cc
1576 2147 1754 2213 diversitate
1774 2144 1914 2214 conlusio

360 2232 508 2313 filiorum
523 2228 639 2294 licentia
656 2239 853 2301 commeatus,
873 2224 940 2289 licet
962 2224 1059 2288 omnia
1071 2222 1114 2301 st·
1151 2225 1260 2301 fieret,
1280 2230 1354 2300 quin
1376 2226 1408 2289 dt
1431 2226 1571 2302 subinde,
1593 2248 1629 2289 ne
1652 2227 1703 2291 sub
1729 2226 1827 2304 specie
1852 2233 1914 2292 vir·

364 2324 468 2389 perata
489 2309 572 2391 efferii
588 2356 595 2384 ,
611 2320 775 2371 uiiataiiieii
788 2303 1114 2383 charitatislrgeconfoe·
1152 2310 1227 2368 rutis
1254 2328 1288 2369 ac
1306 2305 1471 2385 Religionis
1492 2304 1687 2372 suscitaretur
1716 2308 1913 2388 superstitio,

364 2384 1031 2463 derata.PrimariavitaeMonasti'caeregiilt
1050 2402 1116 2447 ciat
1151 2390 1242 2454 insitio
1265 2390 1406 2461 impietas
1434 2391 1529 2450 etiam
1558 2386 1590 2451 dt
1621 2387 1737 2454 haeresis
1770 2411 1914 2452 nonnun-

365 2463 1116 2546 abdicatiorerumomniuin,qualisinEvangelio
1149 2485 1242 2546 quam
1260 2465 1519 2530 intermisceretur
1529 2488 1541 2542 ‚·
1570 2482 1603 2528 ut
1628 2472 1760 2547 contigit
1789 2475 1818 2530 in
1852 2472 1914 2547 iisl,

365 2542 1115 2626 prescribitur„Adliaeolecessioasaetulitumul·
1150 2549 1198 2623 qiii
1222 2546 1249 2610 se
1277 2543 1446 2609 humiliatos
1474 2545 1518 2614 (φ
1534 2563 1674 2625 pauperes
1695 2549 1731 2612 de
1763 2549 1914 2627 Lugduni

304 2643 306 2647 ·
366 2647 419 2709 tu,
443 2626 554 2692 Officia
575 2630 680 2692 divina
701 2621 784 2689 llatis
811 2624 915 2702 botis,
941 2623 1114 2688 obedientia
1153 2624 1323 2692 vocabant.
1345 2624 1391 2689 Ut
1409 2626 1472 2689 baec
1489 2629 1677 2690 inccnimodt
1700 2635 1920 2706 praevciiiret,

365 2704 1115 2786 summa,iugesilcntium,libormannalis,ci·
1151 2704 1309 2783 iisdemque
1344 2703 1513 2770 consuleret
1547 2706 1656 2768 iaeciilo
1694 2709 1915 2771 tertiodecimo

364 2786 471 2854 borum
500 2791 633 2851 tenuitas
658 2786 690 2850 dt
711 2782 857 2862 deleslut,
882 2788 1015 2859 corporis
1032 2783 1114 2849 casii·
1153 2786 1331 2851 Concilium
1350 2783 1554 2850 lateranense
1575 2783 1626 2847 sub
1648 2785 1830 2848 Innocentio
1859 2785 1917 2848 iii.

363 2873 472 2946 gatio,
491 2864 665 2931 desidiosum
684 2870 779 2929 etiam
796 2866 909 2928 levium
934 2885 1031 2940 poenae
1052 2886 1111 2943 gra·
1151 2867 1283 2948 liatuit,
1302 2889 1337 2945 tie
1356 2865 1451 2930 m'mi'a
1468 2864 1658 2945 Religionum
1675 2867 1833 2946 diversitas
1844 2885 1916 2947 gra·

363 2969 418 3011 ties
432 2996 445 3026 ,
471 2950 600 3023 proprio
621 2943 725 3008 salutis
746 2964 807 3008 una
829 2938 892 3008 sete
921 2944 953 3009 dt
983 2950 1115 3008 maximi
1150 2969 1219 3015 vem
1235 2948 1267 3010 sn
1282 2947 1405 3025 Ecclesia
1424 2944 1618 3033 coiisiifiriitm¹
1642 2943 1854 3010 inducat
1877 2957 1917 3009 iit

363 3049 458 3103 cuia,
478 3047 531 3102 pro
553 3026 650 3091 aliena
667 3029 823 3088 continuit
846 3047 880 3089 ac
899 3022 1026 3088 solicitat
1050 3047 1115 3102 pre·
1151 3030 1216 3107 quis
1233 3029 1275 3091 de
1294 3039 1395 3092 taetrro
1415 3048 1528 3091 novam
1549 3027 1731 3113 Religionem
1752 3026 1917 3105 inveniri,

363 3129 433 3184 ces,
456 3129 510 3182 pro
545 3104 673 3169 Ecclesia
701 3107 797 3167 etiarn
827 3104 952 3181 suscepti
980 3106 1115 3183 labores,
1145 3108 1201 3188 sed
1214 3109 1388 3187 quicumque
1415 3108 1456 3171 ad
1479 3110 1666 3250 Ressmnem
1694 3108 1825 3171 converti
1854 3127 1911 3172 vo·

365 3190 413 3251 ubi
438 3186 608 3261 pullulabat
637 3186 773 3247 charitas·
796 3204 848 3247 aut
876 3182 1054 3263 necessitas,
1083 3184 1114 3250 dc
1150 3188 1261 3265 luerit,
1289 3186 1438 3260 anaiade
1458 3203 1527 3266 appr

361 3266 497 3341 quodid
521 3265 550 3330 id
567 3268 661 3344 magia
685 3263 794 3329 ducere
818 3264 999 3341 videbatui,
1028 3263 1114 3329 sulci·
1152 3266 1269 3343 Elpeo.

277 3395 284 3402 A
365 3346 523 3419 piebantur
540 3344 685 3409 Monacbi
707 3343 849 3421 cuiusque
870 3341 1044 3410 Monallerii
1064 3366 1116 3422 pro
1190 3348 1337 3423 Coeperat
1359 3345 1468 3412 laeculo
1489 3347 1606 3411 decimo
1627 3348 1729 3424 aliqua·
1749 3337 1915 3422 diversitat

362 3425 527 3489 Reliorum
545 3424 720 3491 arbitrio&
745 3425 910 3490 vuluntate
928 3423 1008 3502 apud
1025 3425 1115 3488 Occi·
1152 3430 1184 3491 in
1203 3422 1398 3492 benedittino
1418 3428 1557 3503 Ordine,
1575 3427 1733 3492 occasione
1761 3428 1915 3492 tellauti⁴

359 3505 499 3569 'dentales
531 3508 580 3569 seii
600 3507 748 3570 Latinos.
774 3505 862 3567 Hanc
894 3503 1117 3569 Monatboruin
1153 3513 1247 3572 tionis
1267 3507 1626 3583 Monallicaedilcipsinae
1648 3505 1729 3572 trito
1757 3507 1824 3570 aS.
1848 3500 1915 3571 tid·

363 3585 609 3649 uniformitatem
626 3584 796 3661 perdurasse
813 3581 904 3659 usque
921 3585 958 3647 ad
975 3580 1117 3649 sa‘ciilum
1152 3589 1233 3654 done
1249 3586 1369 3652 Abbate
1386 3583 1575 3651 Cluniacensi
1593 3591 1624 3648 in
1643 3588 1835 3657 cluniacensi
1845 3588 1915 3652 Mo

362 3663 554 3728 undecimum
577 3664 717 3729 observat
743 3659 957 3745 eruditissimus
981 3662 1118 3742 Scriptor
1153 3666 1306 3743 uiderim
1323 3688 1395 3729 cum
1413 3673 1493 3729 eiiim
1509 3664 1711 3746 congregatio
1728 3667 1916 3746 Cluniacen⁴

362 3743 438 3807 alias
463 3744 603 3809 laudatus
626 3742 725 3809 Lucas
749 3742 922 3809 Holslenius
945 3748 976 3806 iii
997 3743 1114 3822 praefat.
1153 3745 1189 3809 sis
1211 3751 1336 3820 propriis
1358 3745 1467 3809 ritibus
1486 3743 1620 3810 adliiitia
1641 3748 1715 3810 eliet
1737 3741 1915 3826 Regula&

362 3823 399 3887 ad
415 3822 549 3889 Coclitem
569 3826 770 3905 Regularum,
795 3822 828 3888 δι
850 3826 973 3901 allerit,
994 3823 1116 3887 diversi·
1153 3821 1331 3899 Benedicti,
1354 3822 1538 3889 Miinalieria
1567 3845 1635 3901 quae
1661 3830 1803 3902 antiquos
1838 3832 1917 3900 rittit

362 3908 437 3968 tatis
454 3904 625 3981 ordinum,
650 3906 747 3981 qualis
765 3924 843 3966 nunc
864 3909 1020 3981 cernitur,
1037 3909 1118 3968 inter
1154 3902 1353 3980 retinebant,
1373 3907 1497 3969 alterius
1518 3905 1641 3968 Ordinis
1658 3906 1714 3969 dici
1737 3920 1916 3983 toeperuntt

363 3986 467 4048 varios
491 3984 646 4061 Ordines,
675 3984 823 4059 piaeciptie
852 3978 1120 4059 Mendicantium,
1153 3980 1203 4047 sed
1222 3988 1333 4061 exigua
1355 4002 1421 4047 crat
1443 3984 1508 4050 baec
1528 3986 1707 4059 diverfitas',
1731 4007 1801 4050 cum
1823 4001 1917 4053 caete·

362 4084 402 4125 ne
422 4062 580 4143 vestigium
604 4063 727 4141 quidem
751 4079 824 4125 ante
839 4062 995 4128 sexcentos
1023 4083 1117 4127 annos
1138 4064 1262 4137 'ioquin
1282 4060 1417 4127 eiusdem
1434 4059 1560 4128 Revulae
1579 4070 1693 4129 unione
1717 4067 1782 4132 liaec
1806 4058 1919 4133 tionis

363 4162 527 4215 apparere.
555 4143 594 4207 Et
621 4144 677 4206 hoc
700 4138 830 4229 cessatur
855 4146 950 4225 etiarn
974 4135 1119 4205 Chrislia⁴
1155 4140 1242 4206 steria
1265 4141 1458 4235 cluniacensi
1477 4114 1719 4223 songicgationi
1734 4146 1918 4213 ellentcoii·

363 4242 419 4283 nus
436 4222 541 4300 Lupus
563 4241 639 4288 toni
658 4242 687 4301 5.
704 4220 837 4287 Scholion
856 4222 906 4285 ubi
919 4238 1025 4295 notat,
1045 4237 1118 4285 tem
1155 4220 1327 4289 foederata.
1350 4222 1468 4291 lerum
1489 4226 1603 4289 laeculo
1625 4226 1785 4292 undecimo
1801 4231 1921 4295 exortis

361 4320 433 4374 pore
461 4299 602 4380 Gregorii
627 4298 695 4365 Vll.
722 4321 830 4379 nempe
859 4299 913 4366 sub
936 4292 997 4363 fine
1019 4298 1121 4365 steculi
1155 4302 1379 4381 Cirtbosiaiaa,
1403 4305 1642 4382 camaldulensi,
1665 4301 1922 4387 Wallumbrosa,

361 4378 534 4455 undecimi,
562 4382 663 4449 nullos
685 4377 773 4443 luisse
784 4378 927 4456 diversos
952 4380 1121 4447 Monaclio·
1156 4382 1453 4459 Grandiniontetifi,
1470 4407 1505 4449 ac
1521 4384 1717 4463 Cilleicienst
1729 4386 1875 4466 seiniliis,
1890 4392 1921 4453 iii

360 4480 428 4521 ruin
449 4458 503 4523 seu
523 4458 746 4539 Religiosoruin
763 4458 911 4523 Ordines.
1157 4461 1220 4539 ipso
1240 4464 1433 4530 Monacbatu
1453 4460 1532 4529 sidia
1559 4461 1601 4529 eii
1627 4487 1734 4545 magna
1759 4467 1923 4533 diversitas

400 4537 520 4603 Saeculo
548 4542 708 4603 undecimo
737 4539 770 4604 ἀ
806 4539 942 4616 sequenti
977 4557 1120 4617 apparete
1158 4543 1197 4607 ob
1231 4549 1333 4608 varias
1365 4545 1467 4610 veliti
1497 4562 1549 4610 aut
1578 4547 1732 4624 Regulac,
1762 4545 1921 4623 variosque

362 4623 459 4693 erepit
481 4620 697 4695 multiplicitat-
726 4617 875 4682 Ordinum
903 4611 1121 4698 Religioloruin
1159 4627 1235 4686 ritus
1277 4624 1381 4697 quibus
1403 4623 1509 4704 singuli
1532 4625 1716 4689 utebantur.
1741 4627 1869 4691 Veteres
1892 4649 1925 4691 e·

360 4695 394 4760 &
411 4697 592 4774 diversitas,
608 4720 696 4775 quani
714 4718 776 4761 non
792 4698 1021 4761 soliimSeslarii
1034 4747 1046 4777 ,
1060 4722 1120 4765 non
1159 4707 1221 4765 nim
1243 4672 1458 4768 benecistinos
1484 4699 1594 4784 Nigrus
1615 4705 1833 4785 appellabunt,
1851 4711 1924 4786 quia

361 4775 423 4839 sine
443 4781 538 4855 impia
570 4781 692 4856 quidem
722 4781 929 4853 procacitate,
957 4778 1122 4859 damnant,
1160 4788 1190 4844 in
1209 4783 1400 4848 Cliiniictnsi
1422 4784 1644 4849 reformatione
1672 4788 1836 4862 assumptus
1862 4783 1924 4853 suit

359 4859 430 4928 cruia
453 4860 483 4918 in
512 4858 649 4933 plurimis
670 4852 878 4933 Religionibus
900 4862 999 4933 plnres
1028 4866 1121 4926 etiem
1159 4885 1175 4926 a
1200 4860 1229 4923 S.
1259 4858 1389 4927 O‘dc'one
1414 4861 1499 4928 color
1522 4883 1587 4928 ater
1609 4865 1658 4930 seu
1681 4868 1784 4947 niger.
1812 4867 1929 4933 Cisser-

363 4934 486 4998 suorum
511 4956 651 5001 errorum
682 4933 778 4997 hollet
807 4958 841 4999 ac
870 4938 1003 5003 llrenuos
1028 4964 1122 5020 oppii·
1157 4940 1271 5007 cienses
1290 4950 1419 5017 prior-cm
1437 4942 1485 5006 seu
1507 4944 1608 5007 album
1627 4944 1776 5024 habuere,
1792 4969 1854 5027 quo
1871 4967 1928 5012 au·

361 5013 808 5093 gnaruresexperiuntiir,st·d
827 5017 1121 5090 quidamctiamnoii
1161 5042 1212 5087 tea
1244 5023 1429 5100 benedittini
1448 5024 1646 5099 utebantur.
1677 5027 1786 5097 Multo
1815 5044 1924 5096 tamen

368 5091 482 5158 insimae
503 5110 585 5159 notae
603 5097 757 5173 sapientes
778 5095 929 5162 Catholici
946 5150 954 5177 ,
970 5104 1018 5177 qui
1037 5102 1122 5174 Cbri·
1166 5106 1262 5175 maior
1279 5100 1358 5175 salle
1374 5101 1415 5174 cit
1436 5101 1634 5191 Religionum,
1654 5105 1868 5258 mpleiprrgfm
1888 5105 1929 5176 δι

1806 5210 1893 5258 niet·

1559 3186 1618 3250 ati's
1650 3183 1772 3267 affimat
1787 3230 1797 3248 .·
1827 3186 1930 3258 b’aiu·¹
