4584 5992
619 553 631 634 .’
758 556 1583 662 necaueuntscar.s.
1822 584 1896 665 ως

396 656 795 740 'animiinterioramempe
811 659 896 724 illum
914 658 1157 738 spiritualiterli·
1192 658 1323 723 scienter
1351 663 1448 724 etiam
1474 681 1545 728 cum
1570 659 1838 738 excommunicato
1858 687 1945 730 corna¹

427 740 551 824 ateavel
563 735 697 805 solvere.
715 737 806 805 Unde
823 745 873 817 qui
891 735 1155 818 delegatut'ellad
1192 742 1328 803 munitet
1350 740 1480 817 lrtterit,
1505 739 1629 818 verbo,
1654 739 1703 804 vel
1725 740 1860 821 osculo,
1887 758 1961 815 aut¹

425 817 632 884 isne'nlandurn
648 825 678 883 in
700 822 783 884 votlr
799 818 832 885 dc
853 818 993 883 sinilibus
1025 822 1056 881 in
1086 815 1168 882 soro·
1192 821 1303 894 quovis
1321 819 1383 883 alio
1399 818 1488 882 modo
1501 866 1510 898 ,
1525 816 1622 898 ipsum
1642 840 1694 896 per
1715 821 1773 886 hoc
1801 821 1943 887 ablolve'·

321 949 324 954 -
402 900 628 974 conscientia,
657 896 826 964 drinenlrre
858 899 955 974 potest
982 897 1092 974 absque
1116 915 1157 960 eo
1191 918 1224 962 re
1245 898 1329 964 nulla
1349 916 1469 964 ratione
1488 903 1648 964 censetur.
1667 898 1715 964 lta
1743 900 1872 966 habetur
1908 905 1944 964 ire

326 1016 347 1038 -.
388 977 819 1058 quodaudiatconlrlsrnnern
832 978 914 1042 illiue
927 1028 936 1056 ,
950 975 1160 1053 cumquodis·.
1189 977 1340 1042 Clernent.
1361 1000 1388 1058 4
1410 980 1447 1044 de
1462 974 1537 1059 [eni.
1557 978 1767 1052 excommunic.
1788 981 1867 1046 Cum
1885 1001 1940 1045 au·

400 1057 562 1140 pensatum
587 1058 651 1136 esi,
674 1054 756 1124 secut
787 1079 862 1123 vero
892 1057 912 1120 st
934 1060 1090 1138 delegetur
1118 1054 1154 1120 ad
1190 1073 1253 1121 tem
1273 1058 1360 1123 nulla
1375 1061 1407 1122 in
1426 1056 1944 1139 iureaffignenturverba,quaeel·
1971 1127 1978 1133 ,

400 1136 632 1216 dispensandum
647 1145 679 1202 in
699 1135 990 1212 soropoenrtentiae.
1009 1138 1065 1200 Per
1083 1157 1155 1200 ver·
1190 1138 1359 1203 lentialiter
1378 1144 1573 1214 requirantur
1590 1139 1627 1204 ad
1655 1138 1758 1205 valide
1781 1140 1942 1205 serendam

350 1249 353 1256 ·
400 1217 441 1286 ba
459 1222 565 1294 itaque
585 1219 618 1282 in
639 1214 708 1299 foro
737 1218 917 1298 conscientiae
937 1215 1033 1280 solum
1060 1215 1154 1279 ellici·
1188 1213 1366 1296 censuram,
1381 1214 1430 1282 sed
1450 1219 1522 1284 satir
1550 1217 1588 1285 fit
1619 1236 1656 1285 ut
1684 1219 1785 1298 aliquo
1810 1216 1940 1296 sensibili
2033 1247 2036 1255 ·

399 1313 473 1378 tur,
492 1318 532 1362 ne
548 1297 729 1378 dilpensario
750 1303 853 1365 valeat
874 1319 927 1375 pro
941 1292 1008 1360 soro
1022 1314 1154 1362 externo
1188 1296 1277 1363 modo
1286 1316 1422 1363 ruentem
1436 1296 1522 1363 suam
1536 1297 1839 1381 explicetSupetior;
1857 1299 1939 1364 idern

400 1374 452 1444 seu
469 1375 683 1459 contentioso,
705 1375 754 1444 sed
782 1375 995 1443 tantummodo
1019 1376 1055 1439 ad
1080 1396 1152 1439 con·
1187 1377 1351 1442 dicendum
1367 1377 1403 1442 de
1422 1374 1635 1443 absolutione.
1935 1435 1940 1450 ‚

400 1453 540 1522 scientia·
564 1454 777 1524 securitatem.
808 1459 857 1523 Sic
885 1459 996 1521 dicent
1021 1457 1155 1534 Suaree,
1225 1457 1311 1521 Num
1327 1476 1405 1522 vero
1420 1460 1452 1520 in
1473 1457 1662 1523 absolutione
1678 1458 1876 1538 exprimenda
1897 1454 1939 1523 stt

399 1535 582 1616 Navarrut.
605 1537 695 1602 Unde
714 1561 754 1606 ex
771 1539 816 1604 iris
829 1539 1003 1616 colligitur,
1022 1534 1149 1603 cumin
1185 1534 1333 1611 censura,
1352 1557 1371 1600 a
1387 1538 1724 1616 quaquitablolvitur,
1740 1540 1830 1604 relin
1846 1556 1937 1617 gene·

399 1614 525 1702 beatem
544 1617 738 1694 potestatem.
751 1621 934 1685 ordinariam
960 1611 1152 1693 absolvendi,
1186 1636 1240 1689 re,
1260 1617 1313 1682 rel
1329 1620 1369 1706 in·
1383 1613 1479 1693 specie
1498 1666 1508 1697 ,
1525 1616 1720 1684 utsrdicatut
1734 1615 1938 1699 absolverer}

400 1711 467 1764 tum
484 1696 650 1765 habentem
666 1701 849 1776 poteliatem
870 1702 900 1762 in
917 1693 983 1761 siro
1000 1694 1152 1762 conscien·
1185 1697 1498 1779 excommunicatione,
1520 1702 1551 1761 in
1569 1698 1626 1763 hoe
1644 1698 1829 1775 videndum,
1848 1717 1888 1763 an
1904 1699 1943 1760 id-
2050 1707 2052 1718 '

402 1777 479 1856 tiae,
499 1795 664 1858 utrumque
685 1781 765 1858 polle
781 1779 940 1845 absolvere
963 1796 1054 1842 extra
1077 1794 1136 1841 eon
1184 1777 1264 1851 quod
1288 1775 1508 1841 absolutionem
1535 1777 1678 1854 precedit
1704 1823 1714 1856 ,
1746 1775 1935 1842 sufficienter

399 1849 557 1923 sessionem
577 1859 767 1939 acenlurir;
791 1862 861 1937 quia
881 1906 891 1938 ,
918 1875 954 1922 ut
983 1877 1023 1922 ex
1047 1856 1152 1936 didiie,
1184 1856 1323 1922 eamdm
1341 1858 1546 1934 determinet,
1560 1862 1632 1933 quia
1650 1862 1681 1920 in
1698 1858 1753 1922 tali
1774 1855 1845 1923 calu
1868 1876 1936 1922 uon
2048 1891 2050 1902 =

399 1931 432 2001 dc
452 1955 493 1999 ex
513 1941 598 2015 praxi
616 1942 764 2006 Romanae
778 1939 883 2003 Curiae
899 1937 1040 2015 eonllat,
1066 1940 1149 2003 aliud
1184 1955 1263 2015 opua
1280 1934 1324 2004 esd
1345 1953 1380 2001 ut
1400 1939 1432 2002 in
1448 1935 1636 2004 eblolutione
1644 1936 1769 2002 censura
1783 1937 1934 2012 exprima-

399 2017 440 2081 ell
459 2012 782 2098 sorumconlcienrr'ae,
799 2021 878 2084 aliud
889 2013 988 2083 sorum
998 2024 1151 2094 poeniten·
1185 2036 1253 2082 tur.
1278 2019 1385 2094 Quare
1404 2020 1521 2095 petenti
1550 2015 1776 2083 absolutionem
1804 2015 1843 2082 ab
1869 2034 1934 2080 una

398 2096 1149 2177 tiae.Hinc,inquitBonacina,inparochonon·
1184 2098 1232 2160 vel
1255 2096 1391 2172 pluribur
1418 2096 1568 2172 censuris,
1593 2092 1666 2183 satir
1689 2097 1731 2160 ell
1759 2094 1782 2159 st
1812 2096 1936 2162 dicatur
2039 2109 2044 2120 ·

328 2237 331 2242 .
397 2174 468 2238 dum
484 2177 669 2243 sacerdotali
679 2179 795 2245 Ordine
811 2176 954 2255 insignito
971 2178 1150 2258 agnoserpo·
1182 2174 1295 2319 ai{olnr
1314 2189 1362 2243 ir.
1386 2177 1599 2243 Huiuscemodi
1628 2180 1711 2242 enim
1733 2171 1836 2242 forma
1860 2170 1935 2268 satir

371 2271 385 2326 J
398 2253 455 2319 tell
477 2253 607 2340 facultat
629 2259 800 2327 absolvendi
822 2280 876 2335 pro
896 2267 957 2323 rios
977 2257 1147 2325 subditoein
1181 2259 1210 2321 el
1242 2254 1517 2324 acrbioivendum
1531 2261 1629 2322 etiarn
1649 2278 1668 2321 a
1693 2260 1840 2335 peccatis,
1859 2272 1933 2331 quta

397 2329 463 2428 soro
480 2335 675 2405 conscientiae
698 2386 708 2418 ,
739 2337 793 2406 ersr
813 2282 1010 2405 ronflffiones
1038 2358 1147 2405 eorum
1182 2334 1366 2401 sufficienter
1382 2337 1604 2404 determinatur
1630 2356 1694 2429 per·
1708 2335 1935 2413 praecedentem

395 2430 462 2480 extr
486 2434 537 2480 ere
556 2438 706 2497 nequeat.
1181 2435 1377 2495 peccatorum
1390 2415 1630 2493 consessionem
1656 2420 1748 2494 igitur
1768 2414 1839 2483 satit
1866 2410 1932 2478 esre
1977 2431 1982 2445 ·

355 2499 358 2504 ’
468 2512 520 2561 ota
545 2499 688 2578 tandem,
717 2497 795 2576 quod
816 2502 997 2579 penitens,
1025 2499 1078 2564 cni
1104 2519 1145 2563 ex
1181 2495 1372 2562 debetetiaru
1388 2494 1609 2572 protensurit.
1626 2495 1717 2572 Quod
1733 2492 1930 2568 finrhilprae·

394 2572 558 2653 privilegio
573 2575 1145 2658 permissumelleligereCoufellarium
1179 2576 1298 2653 cedat,
1325 2594 1365 2640 ex
1384 2597 1446 2650 quo
1469 2577 1628 2643 moraliter
1653 2572 1720 2638 steri
1745 2571 1832 2650 possit
1860 2575 1933 2636 talia

319 2655 344 2762 '.
387 2654 803 2812 ·iltt⁰l²l¹t;ni2ut⁰¹:l
821 2654 1145 2803 iiiiiilltlil
1181 2655 1473 2799 tertullini}
1491 2650 1930 2810 ‘tirilittlillilltzi
1971 2691 1974 2702 '

388 2807 561 2889 Dictaeis,
581 2833 616 2877 ut
632 2817 697 2879 eius
716 2811 914 2878 conscilionet
929 2816 1080 2892 excipiat,
1099 2817 1143 2879 ei·
1181 2810 1379 2888 solutionem,
1400 2831 1436 2888 ut
1457 2781 1673 2880 li'ablolvatut
1702 2814 1846 2890 invitus,
1871 2827 1929 2876 aut

393 2907 451 2962 que
471 2889 691 2956 ablolutionem
710 2891 962 2958 sacramentalem
988 2896 1143 2971 impartia-
1180 2891 1256 2954 nihil
1276 2892 1314 2955 de
1332 2892 1464 2958 censuris
1484 2896 1643 2972 cogitant,
1670 2908 1705 2976 ut
1725 2887 1762 2954 fit
1790 2890 1932 2968 quotidie

393 2981 447 3029 tur
464 2971 494 3031 in
505 2970 632 3035 Dioeceli
645 3021 654 3047 ,
669 2971 716 3037 ubi
734 2975 888 3048 poenitent
897 2992 1034 3037 moratur
1044 2996 1056 3049 ;
1074 2978 1143 3049 quia
1179 2969 1458 3051 inconsitentibus,
1476 2978 1525 3050 qui
1543 2991 1706 3049 antequam
1726 2966 1930 3036 absolvantur

391 3044 537 3111 talisnon
557 3053 697 3116 censetur
715 3056 749 3115 in
771 3052 826 3116 ltac
847 3049 977 3117 Dzoecefi
996 3054 1140 3130 approba·
1179 3071 1197 3112 a
1271 3055 1369 3129 catis,
1388 3074 1407 3117 a
1425 3050 1750 3129 censurissolvunrut,
1771 3070 1926 3133 tuncpro·

391 3139 457 3189 tut.
483 3126 533 3192 Sic
552 3128 706 3195 Bouacina
724 3136 814 3196 iurrta
829 3131 1072 3210 ,declarationem
1096 3132 1139 3198 sa·
1178 3125 1195 3191 f
1237 3148 1256 3192 o
1275 3135 1374 3196 tutiue
1393 3131 1436 3196 eii
1450 3181 1464 3211 ,
1480 3131 1805 3210 inmoderrrobabiflus
1824 3133 1925 3209 requi·

378 3223 451 3290 Ιεισι
467 3205 676 3273 cardinalium
690 3210 959 3291 congregationis.
976 3209 1070 3277 A'ddit
1091 3212 1139 3278 laic
1178 3213 1256 3273 ritur
1271 3209 1490 3279 determinatio
1505 3212 1706 3279 absolutionis
1730 3233 1746 3272 a
1772 3211 1926 3276 censuris·

390 3280 477 3349 Aust.
500 3289 542 3353 tu
577 3290 644 3354 lem.
666 3292 805 3357 Yourntl·
826 3289 942 3370 quodsi
971 3292 1026 3356 hic·
1049 3296 1141 3366 privi·
1177 3288 1261 3352 Nam
1281 3291 1407 3356 verbum
1421 3292 1563 3373 absolvo,
1584 3314 1655 3357 cum
1672 3287 1844 3354 indifferens
1868 3287 1928 3363 sit,

385 3359 521 3444 leniatur
562 3369 666 3436 aberet
685 3370 824 3436 censurat
845 3373 894 3436 vel
910 3371 993 3435 calin
1005 3370 1141 3438 reserva·
1178 3389 1239 3431 non
1261 3374 1363 3442 potius
1383 3391 1486 3449 ageret
1505 3376 1584 3436 circa
1600 3368 1783 3444 censuram,
1806 3370 1844 3433 de
1863 3388 1928 3443 qua

391 3457 459 3521 ror,
478 3444 500 3508 sr
518 3467 578 3512 non
599 3449 728 3528 eligeret
746 3447 970 3515 confessarium
996 3452 1140 3528 approba·
1179 3453 1331 3524 poenitent
1351 3450 1468 3514 ¹rocutus
1484 3471 1545 3514 non
1563 3446 1624 3530 tsi,
1641 3470 1732 3525 quani
1754 3450 1835 3512 circa
1855 3467 1924 3525 pec·

390 3536 457 3588 tuna
474 3528 571 3591 etiam
586 3549 643 3605 pro
661 3528 845 3609 reservarit,
861 3550 923 3595 non
933 3529 1033 3610 poscet
1049 3529 1087 3595 ab
1096 3531 1140 3596 lrit
1177 3547 1271 3606 cara,
1285 3531 1378 3593 immo
1386 3532 1479 3610 magia
1495 3534 1526 3593 in
1543 3529 1608 3595 haee
1623 3527 1764 3604 caderet,
1779 3531 1928 3603 quiahaec

390 3619 528 3677 pereum
544 3607 680 3673 absolvi.
698 3610 798 3675 Polict
817 3610 959 3691 quidem,
988 3629 1045 3688 ego
1059 3610 1140 3676 dice-
1176 3604 1330 3672 subiacent
1347 3608 1483 3675 clavibus
1499 3607 1657 3675 Ecclesiae.
1674 3608 1709 3675 dc
1730 3609 1766 3670 ad
1782 3604 1926 3672 effetum

332 3749 340 3756 ,
386 3683 508 3762 ·rrm‚sr
531 3685 657 3752 baberet
674 3690 786 3766 privile
807 3691 891 3766 inm,
910 3691 962 3755 seu
981 3689 1141 3756 concessio·
1176 3684 1372 3753 absolutionis
1397 3686 1680 3755 brectonseslureli
1697 3690 1902 3766 poenirense
2021 3701 2023 3706 '

371 3781 462 3826 -rtetn
481 3765 610 3858 eligendi
633 3767 684 3833 irbi
710 3710 933 3836 conditarum
963 3773 1059 3836 etiarn
1086 3792 1140 3849 pro
1201 3766 1288 3859 'Non
1310 3774 1473 3847 requiritur
1493 3769 1528 3834 ad
1550 3770 1744 3858 validitatem
1760 3765 1928 3834 absolutio·

339 3901 342 3906 .
389 3839 579 3939 tisolmtnne
598 3847 636 3912 ab
656 3852 787 3928 iis,quae
806 3847 875 3915 sunt
887 3848 1136 3930 reservatasupe-
1177 3847 1313 3921 mequod
1338 3854 1527 3928 exprimatur
1552 3851 1676 3929 caussa,
1690 3866 1813 3926 propter
1832 3868 1926 3924 quam

387 3939 459 4016 nort
484 3928 676 4008 privilegium
696 3930 757 3994 hoc
769 3932 946 3995 concedenti
971 3953 981 4007 ;
1012 3935 1084 4009 quia
1107 3936 1138 3995 in
1176 3926 1238 3990 lara
1255 3922 1349 3993 suerit
1363 3928 1507 4005 censura,
1529 3929 1580 3993 nili
1598 3931 1719 4007 quando
1738 3932 1805 4004 quit
1830 3928 1926 4005 pluri·
2017 3937 2020 3944 '

339 4057 343 4062 .
389 4000 532 4096 talreasu
553 4007 696 4085 Superior
714 4010 1140 4089 concedenrhocindultum,
1174 4005 1355 4086 burligatut
1378 4010 1432 4088 stt,
1452 4008 1486 4075 dc
1517 4007 1736 4075 absolutionem
1750 4007 1790 4071 ab
1807 4027 1847 4071 eo
1872 4023 1925 4083 pe·

389 4079 494 4149 tribuit
515 4085 600 4150 simul
621 4085 834 4167 facultatem,
863 4107 899 4155 ut
930 4091 1009 4155 hunc
1039 4095 1134 4166 poeni-
1176 4090 1301 4163 tit,qui
1323 4090 1360 4154 ab
1375 4092 1517 4154 omnibus
1541 4086 1699 4153 absolvere
1721 4087 1834 4165 valet,
1864 4105 1926 4150 uec

381 4161 506 4227 'tentem
522 4164 573 4232 sibi
594 4166 745 4235 subdirttm
760 4166 917 4237 absoluere
942 4167 1061 4250 posstta
1086 4168 1137 4237 sibi
1176 4167 1244 4229 vult
1262 4168 1300 4229 ab
1318 4171 1459 4234 omnibus
1479 4168 1660 4244 absolvere;
1676 4184 1751 4231 runc
1770 4169 1852 4230 enim
1866 4184 1922 4229 ex·

1175 4246 1329 4322 primcnda
1348 4251 1391 4312 eli
1413 4271 1474 4315 non
1496 4270 1531 4313 ut
1547 4246 1713 4313 necessaria
1733 4245 1771 4310 ad
1790 4248 1922 4312 sormam

1175 4325 1394 4407 absolutionis,
1411 4330 1459 4393 led
1481 4347 1516 4393 ut
1538 4325 1716 4407 agnoscatur
1738 4347 1852 4405 aqua,
1869 4323 1923 4389 vel

680 4413 708 4480 s.
749 4406 827 4478 XV.
967 4425 1024 4434 '⁴
1164 4428 1193 4469 -a
1210 4406 1315 4482 quibus
1334 4409 1477 4488 Superior
1498 4407 1801 4473 solvereintendat.
1829 4403 1924 4481 Quod

424 4523 470 4587 Dr
480 4521 926 4610 somaecrr'iuaisoletr‘onisa
943 4521 1098 4611 censurii.
1165 4484 1495 4635 affigam}
1499 4490 1629 4646 aad?
1640 4507 1842 4634 ὐἓῗιῗῃῗὲἓὲῗῑ
1851 4503 1924 4626 t0⁸12-

387 4235 591 4334 reservarit-J

420 4635 519 4702 sicuti
541 4663 592 4720 uer
613 4646 713 4722 aliqua
739 4648 832 4713 rerba
860 4665 915 4712 aut
939 4647 1053 4727 signa,
1083 4655 1144 4713 nee*
1175 4668 1228 4711 nee
1246 4668 1319 4724 quas
1340 4649 1464 4729 potest,
1491 4650 1525 4716 dc
1550 4646 1644 4725 potell
1668 4667 1775 4711 omnes
1798 4645 1927 4708 omnino
2046 4679 2049 4686 -

385 4713 459 4792 illae
475 4717 545 4784 solo
557 4725 732 4792 voluntaris
741 4745 822 4792 nutu
840 4749 906 4791 mne
925 4729 967 4791 eli
985 4749 1021 4792 ut
1039 4725 1139 4793 feran-
1176 4730 1335 4806 relaxare,
1357 4732 1408 4795 vel
1431 4731 1617 4795 determinat
1634 4732 1788 4803 poenitenr
1816 4744 1834 4787 a
1862 4740 1923 4796 <111²

385 4811 434 4863 tur
453 4799 613 4882 censuraet
634 4809 680 4871 ita
702 4809 844 4871 nectolli
866 4809 987 4883 possunt
1014 4807 1067 4871 nist
1090 4829 1139 4884 pa·
1176 4810 1291 4874 absolvi
1315 4812 1418 4889 velit,
1441 4829 1517 4875 tune
1543 4810 1666 4874 minime
1692 4804 1855 4879 requiritur
1886 4815 1926 4862 ut

377 4875 460 4948 ister
476 4881 572 4948 verba
589 4887 735 4950 accedant
755 4888 924 4966 autsrgna,
938 4886 1140 4964 quibutstrffi·
1175 4891 1277 4954 cardea
1297 4894 1484 4966 exprimatur
1497 4939 1505 4965 ,
1520 4909 1589 4953 eum
1610 4884 1761 4949 absolutio
1777 4875 1929 4973 sufficien-

385 4955 499 5054 cdenter
518 4960 702 5030 absolventis
718 4972 1068 5052 intentioertprimatur.
1090 4970 1139 5033 ld·
1176 4987 1225 5034 ter
1239 4971 1444 5035 determinata
1465 4970 1561 5033 litere
1582 4985 1668 5041 parte
1684 4960 1831 5037 minillrr,
1857 4963 1931 5038 qui,

361 5029 463 5136 ctrt'e
482 5059 546 5107 non
568 5041 722 5112 sufficiunt
742 5046 824 5128 ligna
845 5049 982 5127 ambigua
1003 5091 1015 5110 .
1034 5050 1140 5125 Quare
1173 5051 1296 5132 quando
1312 5052 1378 5127 plue
1391 5053 1621 5133 nequit,unaro
1638 5062 1786 5120 rantum,
1801 5041 1931 5106 velom-

387 5115 581 5234 §.silim
603 5123 788 5208 ¹lonella,
813 5147 867 5196 ant
895 5129 978 5194 aliur
995 5129 1140 5210 Superior
1175 5119 1932 5286 ιιιι,ςιιιιάοιι1ιωδιδὲιῗέῐὶιῑθῠινώεέ1·
