4584 5992
1534 424 1544 494 l

456 558 475 609 i.
815 530 851 601 T
905 553 929 601 n
984 550 1009 601 ri
1065 549 1089 601 c
1142 548 1168 599 τ
1223 548 1248 600 a
1308 550 1336 601 'c
1395 562 1422 613 p
1478 555 1496 605 s
1549 569 1561 575 ·-
1743 580 1749 599 ,

372 656 412 699 ca
432 652 498 710 quae
516 628 713 698 contrahitur
733 647 773 692 cic
789 623 922 706 deletio,
945 647 1005 690 nori
1023 626 1065 689 esl
1083 627 1134 687 du·
1171 642 1280 704 netur,
1302 633 1438 706 graviter
1456 646 1559 693 tamen
1577 624 1694 690 deficit.
1716 625 1806 689 Hanc
1824 643 1932 692 autem

373 715 474 786 bium,
496 713 574 787 qnod
591 711 665 774 nihil
690 709 726 772 ab
746 727 782 772 ea
792 712 927 771 eximere
949 709 1072 768 valeat.
1094 705 1133 766 Et
1172 712 1374 782 ignorantiam
1395 710 1552 773 moraliter
1570 704 1765 793 vincibilem,
1785 728 1851 781 quae
1865 730 1931 772 non

373 793 472 869 quc-iad
502 811 622 865 poenam
644 788 729 852 titia
743 791 1002 864 irregularitatis,
1022 785 1132 847 scilicet
1170 784 1211 846 cst
1228 787 1320 849 crassa
1339 812 1394 851 nec
1412 788 1534 862 supina,
1551 787 1654 848 dicunt
1669 790 1814 849 circulare
1831 790 1931 852 acen&

374 871 543 935 errdelisln
563 920 570 945 ,
594 875 624 933 in
644 870 714 932 calu
745 871 921 945 ignorantiae
951 864 1133 926 invincibilis
1170 864 1261 942 siiris;
1282 872 1350 942 quia
1368 867 1541 931 Bonilacius
1563 865 1648 927 Vlll.
1667 888 1730 949 cap.
1749 887 1777 927 a.
1800 867 1956 949 deccat·¹

374 953 448 1014 iuris
464 951 496 1016 &
514 949 600 1029 sacti,
622 949 789 1023 Theologi,
811 952 957 1021 praecipue
972 944 1132 1006 Salmanti·
1166 943 1259 1021 ditur.
1283 952 1391 1011 eximit
1421 957 1594 1026 ignorantes
1615 965 1633 1008 a
1653 945 1777 1007 censura
1799 995 1817 1029 ,Ι
1836 947 1930 1011 modo

373 1028 495 1107 eerrser,
513 1053 615 1108 parem
634 1051 702 1092 eam
722 1024 837 1090 faciunt
857 1023 1003 1099 censuris,
1020 1044 1133 1086 orcum
1169 1044 1273 1085 eorum
1291 1030 1461 1102 ignorantia
1477 1026 1573 1091 crassa
1592 1048 1653 1087 nnn
1671 1020 1783 1100 scierit,
1803 1028 1930 1102 lupina,

373 1112 429 1175 tali
448 1116 621 1187 ignorantia
644 1129 704 1170 nori
725 1106 945 1181 contrahatur,
973 1108 1043 1178 quia
1064 1125 1133 1166 curn
1170 1122 1222 1165 aut
1245 1102 1405 1177 anenata,
1426 1128 1552 1180 quarum
1573 1103 1719 1178 postrema
1736 1103 1778 1165 csl
1797 1108 1930 1169 caeter'a·

373 1188 576 1254 huiuscemodi
609 1188 815 1265 irregularitas
838 1207 899 1245 nun
930 1184 1132 1247 contrahatur
1170 1205 1235 1244 tum
1256 1183 1471 1249 damnabilior.
1492 1187 1547 1246 Sed
1571 1206 1629 1247 non
1653 1182 1695 1245 est
1719 1184 1862 1247 credibile
1884 1185 1930 1248 ibi

373 1268 428 1333 nisi
445 1271 483 1332 ob
502 1272 621 1343 culpam
637 1272 815 1337 mortalem,
837 1263 870 1327 dt
887 1264 1077 1325 ideodicitur
1092 1281 1131 1322 eir
1170 1262 1349 1326 Pontificem
1380 1268 1461 1336 loqui
1490 1266 1527 1326 de
1556 1264 1712 1336 vincibili,
1731 1284 1798 1338 quz
1820 1259 1929 1326 secun·

372 1350 500 1425 delicio,
521 1345 731 1426 proculdubio
752 1346 868 1420 quando
887 1346 1058 1421 ignorantia
1078 1362 1132 1403 ex·
1168 1342 1238 1403 dum
1255 1343 1526 1410 communissimam
1556 1342 1782 1421 Theologorum
1808 1341 1930 1407 senten·

372 1426 456 1492 cusat
482 1452 499 1491 a
526 1428 648 1491 mortali
679 1445 818 1501 peccato;
844 1421 967 1487 excusat
988 1425 1084 1483 etiam
1114 1441 1131 1483 a
1167 1426 1241 1485 tiam
1262 1422 1305 1485 est
1336 1423 1453 1499 semper
1474 1424 1647 1487 mortaliter
1666 1423 1849 1498 culpabilis,
1868 1418 1929 1487 'sed

374 1507 525 1571 subeunda
544 1508 792 1581 irregularitate,-
815 1503 847 1567 &
874 1502 912 1565 sic
927 1504 1131 1565 communiter
1166 1501 1202 1563 de
1225 1505 1417 1586 invincibili,
1438 1526 1504 1580 quae
1528 1503 1587 1565 sola
1603 1504 1693 1580 digna
1710 1500 1751 1568 est
1770 1520 1804 1565 ut
1824 1499 1928 1566 acen2

375 1586 515 1650 asseritur
546 1586 652 1650 aot).
687 1583 777 1645 Unde
802 1584 822 1643 li
839 1583 982 1647 Clericus
1010 1601 1131 1643 excom·
1167 1580 1232 1642 lura
1267 1603 1328 1646 non
1349 1582 1528 1647 nriildletur.
1563 1579 1652 1645 Unde
1683 1586 1784 1644 verior
1806 1580 1930 1645 senten·

374 1663 546 1731 rri'unicatus
567 1670 720 1745 ignoraret
743 1663 792 1726 libi
812 1667 942 1726 vetitam
962 1658 1130 1725 elseadmi·
1167 1664 1210 1722 tia
1230 1660 1263 1724 dr
1287 1666 1386 1726 tutior
1414 1669 1446 1725 in
1479 1665 1562 1738 praxi
1585 1682 1620 1725 ea
1650 1663 1715 1737 esi,
1744 1679 1928 1736 quamtum

375 1746 586 1809 uisitationem
605 1750 635 1805 iri
659 1743 767 1821 sacris,
788 1763 848 1804 non
869 1745 1039 1804 incurreret
1060 1745 1130 1802 irre·
1165 1740 1297 1817 Suarca,
1325 1740 1631 1819 satinanricentibus,
1660 1740 1786 1816 aliisque
1808 1741 1929 1805 abillis

372 1828 575 1903 gulariratem
602 1824 675 1888 huic
712 1820 923 1886 mindirationi
960 1841 1131 1897 annexam,
1165 1824 1270 1884 citatis
1296 1820 1463 1897 sequimur.
1492 1822 1531 1885 Et
1554 1828 1632 1885 ratio
1659 1818 1779 1904 huiusce
1803 1818 1932 1883 senten·

287 1932 288 1935 ¹
374 1928 444 1970 curn
462 1926 528 1968 reus
548 1926 655 1969 carens
672 1905 776 1979 culpa,
807 1922 868 1963 non
897 1904 1067 1964 conveniat
1098 1904 1129 1961 in
1167 1903 1220 1964 tiae
1242 1898 1306 1976 eil,
1327 1905 1395 1978 quia
1417 1903 1591 1981 ignorantia
1616 1899 1770 1966 vinciblis
1793 1902 1930 1965 iamto-

372 1987 519 2048 damnum
535 1988 637 2048 vocari
661 1978 918 2060 capcngnoscerrt.
936 1982 972 2043 de
988 1980 1130 2060 Constitu·
1146 2020 1152 2065 t
1167 1981 1270 2044 incidit
1299 2004 1368 2044 cum
1387 1983 1486 2046 crassa
1510 1980 1543 2046 ἃ
1565 1980 1691 2059 supina,
1719 1979 1753 2044 ὅ(
1782 1999 1844 2043 non
1870 1982 1930 2041 im·

375 2064 473 2138 tionis.
496 2084 555 2141 cap.
573 2063 737 2145 Apostolum
759 2060 916 2125 decrerim
936 2061 1131 2123 excommuni·
1147 2069 1152 2102 ⁶
1166 2063 1276 2122 merito
1292 2063 1364 2123 talis
1386 2084 1402 2125 a
1425 2062 1593 2140 Theologis
1612 2079 1762 2135 vocatur,
1780 2077 1818 2121 eo
1846 2055 1930 2134 quod

375 2157 438 2209 cato
458 2146 653 2223 ministrante.
673 2144 720 2206 Sic
738 2147 832 2204 etiam
845 2165 894 2215 qui
913 2146 1064 2218 ignoraret
1078 2145 1131 2202 ali·
1168 2138 1282 2213 semper
1305 2161 1456 2205 annexam
1477 2142 1587 2204 habeat
1608 2162 1733 2219 gravem
1759 2141 1789 2200 in
1812 2158 1845 2203 re
1861 2157 1929 2203 ma·

376 2243 466 2299 quem
487 2222 585 2286 aslum
608 2226 729 2299 speciali
750 2220 895 2284 Ecclesia
916 2237 1065 2296 nraetepto
1081 2218 1132 2282 sub
1166 2223 1240 2280 rrimi
1267 2226 1413 2285 momenti
1438 2223 1611 2300 ignaviam,
1643 2221 1676 2288 dc
1697 2218 1818 2282 aliunde
1839 2220 1928 2293 igno·

369 2303 434 2366 -tali
453 2322 542 2378 roena
561 2309 711 2379 vetitum,
732 2300 846 2363 etiamsi
865 2304 954 2363 scirea
972 2305 1036 2363 iure
1052 2299 1132 2361 divi·
1164 2301 1268 2361 rantia
1290 2299 1393 2374 supina
1415 2323 1475 2365 non
1503 2321 1626 2367 omnem
1650 2298 1786 2363 excludit
1811 2294 1925 2364 sollici·

376 2402 418 2445 no
439 2383 498 2446 elle
516 2383 682 2459 illicitum,
703 2402 763 2445 non
792 2388 964 2444 incurreret
985 2380 1132 2454 irregula-
1167 2381 1335 2455 tudiiiein,·
1374 2384 1515 2457 quocirca
1546 2380 1597 2443 ille
1635 2378 1773 2443 laborare
1810 2378 1927 2443 dicitur

373 2465 519 2537 ritatem,
532 2458 565 2523 si
596 2463 680 2526 illum
701 2460 799 2525 aslum
817 2459 964 2539 gsaceret,
987 2457 1058 2521 idest
1079 2461 1133 2525 ho·
1167 2460 1452 2536 ignorantiasupina
1468 2510 1477 2539 ,
1496 2463 1545 2534 qui
1559 2457 1752 2536 nullim,vel
1768 2457 1926 2527 modicam

375 2542 529 2604 micidiiini
545 2547 779 2618 committeret;
804 2545 874 2617 quia
891 2562 961 2603 cum
983 2539 1019 2601 sit
1042 2558 1131 2615 poena
1166 2539 1355 2616 diligentiam
1376 2540 1573 2613 adipiscenda
1603 2537 1737 2606 scientiae
1758 2535 1926 2616 adhibuit3

375 2619 594 2701 ecclesiastica,
621 2623 660 2687 ob
688 2623 829 2685 deletum
853 2620 1067 2683 tantummodo
1098 2639 1130 2684 ut
1166 2617 1199 2682 ἀ
1219 2619 1289 2693 quia
1310 2619 1486 2683 incredibile
1501 2620 1567 2695 esl,
1587 2617 1747 2682 Ecclesiam
1769 2637 1927 2692 nunquam

375 2701 493 2763 violans
512 2701 606 2782 legem
628 2703 862 2767 ecclesiasticam
883 2706 993 2765 incurri
1022 2699 1129 2764 debet.
1167 2703 1272 2773 punire
1294 2699 1425 2784 voluisse
1449 2698 1580 2762 censuris
1602 2720 1668 2761 eam
1689 2698 1928 2775 negligentiam,

417 2780 520 2842 Solam
550 2787 755 2861 ignorantiam
777 2801 876 2857 poeuae
905 2800 1030 2854 tamen,
1059 2781 1130 2844 idcll
1147 2814 1150 2830 ι
1165 2800 1254 2851 quain
1276 2779 1376 2843 Deum
1394 2784 1499 2842 scimus
1527 2782 1651 2842 aetcruis
1677 2779 1832 2842 vindicare
1855 2775 1927 2857 sup·

374 2860 492 2933 quando
506 2862 639 2926 habetur
656 2866 768 2926 notitia
786 2866 861 2922 iniis
881 2858 1090 2936 eccleliaslici,
1112 2881 1129 2922 a
1167 2860 1283 2933 pliciis.

375 2959 436 3013 quo
456 2937 527 3001 talis
544 2942 626 3005 atius
647 2940 843 3023 prohibetur,
872 2938 1049 3013 probabilius
1070 2942 1130 3001 etl'e
1205 2936 1380 3014 Ignorantia
1398 2943 1608 3005 concomitans
1630 2939 1650 3001 si
1672 2958 1745 3003 vere
1761 2935 1797 3001 sit
1820 2938 1926 3002 invin-

375 3019 481 3080 dicunt
506 3017 552 3081 liic
575 3018 828 3085 Salmanticetses
850 3040 911 3080 riou
932 3016 1073 3081 excusate
1094 3018 1131 3081 ab
1146 3078 1150 3095 ,
1164 3014 1260 3080 cibilis
1279 3023 1403 3083 excusat
1426 3044 1442 3084 a
1463 3022 1608 3085 censura.
1639 3019 1755 3084 Idcirco
1777 3020 1830 3095 qui
1851 3018 1925 3084 Cle·

374 3099 607 3173 irregularitate
619 3118 711 3178 etim,
730 3121 781 3180 qut
805 3097 902 3163 aslum
930 3097 1017 3159 illum
1045 3101 1266 3180 ester-sticum⁸
1277 3100 1394 3163 occidit
1420 3120 1527 3177 putans
1546 3101 1684 3163 occidere
1714 3101 1844 3174 laicum,
1872 3115 1925 3168 ta·

377 3193 428 3238 cet
446 3224 454 3253 ,
475 3178 548 3241 licet
571 3182 689 3257 ignoret
710 3179 803 3244 talem
823 3197 944 3255 poenam
964 3176 1128 3241 huiusmodi
1145 3175 1249 3239 lineali
1276 3176 1430 3244 lubentius
1458 3181 1611 3244 Clericum
1639 3172 1825 3255 occidisset,
1857 3198 1924 3253 non

369 3258 494 3319 crimini
513 3258 637 3321 assiriam
652 3258 728 3321 elle:
752 3261 821 3334 quia
843 3258 1047 3335 irregularitas
1067 3280 1128 3322 non
1144 3273 1149 3319 r
1166 3255 1296 3340 subiacet
1318 3258 1471 3323 censurat:
1489 3264 1559 3336 quia
1576 3260 1611 3324 ad
1629 3259 1839 3322 incurrendam
1850 3278 1924 3334 ceu·¹

375 3334 418 3395 ell
435 3336 578 3414 censura,
595 3359 648 3401 nec
667 3360 759 3414 poena
774 3337 960 3401 medicinalis
977 3337 1012 3399 ad
1029 3358 1130 3400 emen·
1164 3336 1263 3397 suram
1291 3344 1455 3414 requiritur
1484 3336 1563 3403 astus
1584 3340 1740 3405 includens
1767 3336 1923 3407 malitiatur

338 3421 340 3425 '
374 3415 531 3481 dationem
559 3419 762 3494 delinquentis
788 3419 946 3493 ordinata,
975 3438 1029 3481 nec
1052 3422 1130 3492 petit
1165 3416 1365 3481 vetitamsnb
1388 3420 1751 3496 poenacensurae,quam
1767 3418 1922 3481 malitiam

374 3501 601 3560 contumatiam
623 3504 653 3559 in
675 3520 746 3574 reo,
767 3498 799 3562 ὅ(
821 3498 860 3560 iic
876 3498 1016 3560 contrahi
1035 3497 1129 3575 potest
1164 3514 1226 3557 non
1243 3498 1372 3563 includit
1396 3499 1477 3564 allus
1499 3502 1660 3575 procedens
1687 3521 1726 3561 erc
1747 3496 1921 3560 invincibili

361 3573 414 3635 ,οδ
434 3573 578 3639 delitlum
603 3599 675 3655 pure
699 3584 908 3655 praeteritiini3
941 3580 1035 3654 igitur
1064 3599 1127 3642 non
1165 3579 1339 3662 ignorantia
1368 3585 1627 3658 concomitante,
1660 3599 1732 3660 crim
1757 3575 1809 3638 ille
1839 3574 1922 3640 allus

376 3648 459 3716 secus
486 3675 519 3718 ac
545 3658 613 3721 aliae
637 3678 756 3735 poenae,
776 3679 842 3733 quae
868 3656 956 3718 dissat
981 3660 1128 3721 conditio·
1164 3677 1225 3718 non
1248 3659 1390 3730 procedat
1408 3661 1445 3722 ab
1463 3657 1572 3725 iuuari
1589 3663 1761 3724 intentione
1778 3658 1923 3720 occideri-

374 3751 427 3793 nes
449 3753 508 3796 non
542 3743 719 3812 requirunt,
744 3739 791 3799 sed
817 3758 856 3799 err
871 3735 983 3809 ,delato
1004 3740 1065 3811 ipso
1085 3736 1130 3800 sa·
1163 3735 1191 3795 di
1212 3735 1390 3815 Clericum,
1416 3737 1451 3804 ἃ
1475 3739 1639 3804 habitualis
1658 3737 1811 3816 dispositio
1832 3739 1863 3798 in
1885 3736 1922 3800 η.

372 3808 425 3870 eto
439 3810 681 3891 coriseqnuntui,
703 3820 804 3881 llatim
824 3837 858 3880 ac
879 3816 1065 3879 commissum
1086 3816 1128 3880 esl
1164 3814 1228 3875 ium
1248 3813 1349 3879 aslum
1367 3840 1474 3884 revera
1494 3841 1555 3883 non
1578 3820 1703 3897 influit,
1721 3838 1759 3881 eo
1778 3820 1848 3893 quia
1869 3819 1921 3879 iu-

373 3894 506 3970 crimcn,
536 3896 599 3971 ipso
628 3897 715 3962 tatto
734 3900 899 3959 incurritur
924 3896 1129 3972 irregularitas
1162 3892 1262 3957 fluxus
1283 3897 1461 3962 voluntaris
1483 3901 1632 3979 supponat
1661 3903 1826 3978 notitiam,
1849 3915 1921 3972 quae

373 3973 470 4034 eriam
489 3974 525 4038 ab
544 3996 603 4055 eo,
620 3981 667 4053 qtri
690 3979 746 4039 tali
767 3995 851 4039 caret
874 3977 1008 4038 notitia.
1164 3992 1237 4038 tunc
1254 3996 1309 4038 nec
1327 3977 1431 4052 adesi,
1452 4001 1506 4044 nec
1527 3983 1625 4047 adesle
1648 3979 1772 4059 potest.
1786 3976 1877 4053 Quod
1898 3974 1922 4038 sr

415 4050 587 4127 ignorantia
611 4055 779 4133 vincibilis,
799 4078 867 4117 cum
889 4074 950 4116 non
972 4054 1128 4121 excusata
1163 4055 1323 4117 intendens
1343 4062 1480 4123 occidere
1502 4061 1647 4125 loannem
1664 4060 1837 4135 creticum,
1866 4060 1921 4120 oc't
1954 4061 1967 4075 ⁴

375 4147 501 4204 peccaro
520 4140 661 4214 mortali,
683 4142 727 4198 ira
748 4157 804 4199 nec
826 4132 950 4197 excusat
967 4136 1004 4220 ab
1026 4137 1127 4198 incur·
1161 4135 1262 4211 cidar,
1284 4154 1338 4207 aut
1364 4137 1471 4203 saltem
1488 4137 1578 4206 feriat
1605 4143 1779 4205 Antonium
1804 4139 1921 4216 pariter

376 4207 467 4271 tenda
495 4210 638 4277 censura.
667 4219 714 4279 Sic
736 4217 881 4279 slatuitur
909 4236 944 4279 ac
965 4212 1128 4278 sustinetur
1163 4213 1322 4277 Clericum
1345 4220 1584 4298 transeuntem,
1620 4220 1783 4286 dummodo
1814 4236 1923 4280 tamen

373 4306 483 4349 contra
504 4291 639 4370 aliquos,
659 4299 710 4370 qui
727 4294 913 4373 dislinguunt
927 4298 1128 4367 ignorantiam
1162 4289 1362 4358 sufficientem
1372 4299 1566 4377 diligentiam
1578 4301 1749 4367 adhibuerit
1766 4319 1805 4361 ne
1816 4297 1922 4373 alium,

374 4365 498 4439 praecise
512 4373 686 4435 vincibilem
705 4396 721 4437 a
738 4376 835 4437 crassa
852 4375 901 4437 vel
914 4372 1034 4451 supina,
1056 4395 1128 4451 qua·
1162 4391 1217 4436 aut
1239 4370 1400 4441 saltemne
1420 4380 1573 4446 Clericum
1593 4384 1764 4457 occideret,
1787 4378 1836 4442 hic
1857 4398 1920 4441 nou

373 4466 440 4506 runi
462 4467 551 4539 tinam
570 4450 759 4539 conslitnunt
780 4458 811 4516 in
832 4456 963 4529 quadam
985 4457 1129 4532 ignavia,
1161 4456 1295 4517 incurrit
1319 4455 1490 4526 censuram.
1525 4463 1571 4527 Ex
1591 4460 1729 4542 opposito
1761 4478 1839 4523 vero
1866 4459 1921 4533 qui

374 4545 519 4616 quantus
534 4528 693 4593 desidiosus
718 4555 752 4595 ac
774 4537 929 4610 tepescens
958 4554 1019 4596 non
1039 4553 1126 4598 curat
1162 4532 1307 4598 loannem
1334 4537 1488 4604 Clericum
1516 4539 1588 4609 serit
1610 4559 1720 4620 putans
1746 4536 1838 4602 ferire
1862 4538 1921 4602 Pe·

359 4601 524 4669 vaddiscere
544 4611 621 4683 quod
639 4612 745 4685 debet;
763 4614 984 4697 alteram,qua
1002 4615 1125 4677 aliisdi·
1162 4631 1244 4677 trum
1271 4616 1444 4697 Clericum,
1464 4622 1619 4688 censuram
1650 4621 1826 4697 contrahit,
1848 4620 1922 4693 quit
1942 4637 1949 4647 ‘⁴

358 4681 497 4776 siradius
527 4694 658 4767 negotiis
687 4692 812 4768 negligit
848 4695 985 4769 assequi,
1020 4713 1126 4767 nempe
1160 4696 1192 4755 in
1213 4694 1921 4782 hocconcuriit&intentiovulncrandiCle·

374 4781 523 4856 verctpere
543 4771 619 4841 quod
642 4770 714 4832 scire
736 4790 880 4839 tenerum
909 4768 1029 4846 praecise
1051 4795 1126 4837 vero
1161 4776 1272 4851 ticum,
1294 4776 1327 4839 ἀ
1356 4781 1420 4843 eius
1443 4782 1635 4860 vulneratio,
1664 4785 1734 4846 dum
1767 4785 1796 4842 in
1824 4778 1922 4855 priori

372 4844 566 4937 Vlnttbtlcm,
588 4870 686 4924 neque
702 4852 831 4938 crassam
847 4853 906 4912 elle
927 4854 1059 4930 volunt,
1074 4874 1123 4917 ne·
1158 4854 1229 4918 casu
1244 4860 1397 4936 contingit
1417 4863 1537 4937 quidem
1552 4865 1663 4930 Clerici
1681 4859 1849 4939 percussio,
1870 4854 1922 4922 sed

356 4939 429 5009 que
450 4932 584 4998 lupinam
607 4929 639 4993 dc
660 4949 728 4990 eam
747 4930 807 4992 tile
835 4934 944 5007 aiunt,
968 4953 1037 4996 cum
1058 4935 1124 5010 quis
1158 4931 1219 4997 sine
1240 4939 1416 5005 interitione
1432 4942 1584 5008 Clericum
1605 4942 1749 5009 feriendi.
1769 4942 1821 5005 Sic
1839 4941 1921 5006 nvt-

372 4998 473 5089 ²l¹uua
491 5009 609 5075 quidem
629 5031 701 5072 cnra
720 5030 754 5072 ac
774 5010 929 5088 diligentia
948 5009 975 5074 se
991 5014 1122 5089 applicat
1157 5011 1212 5093 la,
1227 5014 1357 5093 Suarez,
1376 5020 1476 5086 Caier.
1499 5021 1612 5090 Bonae.
1631 5022 1665 5089 &
1694 5023 1768 5087 alii.
1798 5022 1839 5085 Et
1870 5024 1919 5085 ita

367 5091 406 5143 ut
427 5080 597 5159 assequatur
617 5091 821 5169 cognitionem
841 5095 883 5157 rei
907 5094 941 5158 ad
963 5113 1055 5170 quani
1076 5111 1122 5158 re·
1157 5096 1287 5165 incurrit
1308 5102 1359 5177 qui
1379 5104 1412 5187 in
1431 5100 1584 5171 ebrietate
1601 5108 1734 5183 percutit
1745 5103 1901 5167 Clericum
1909 5147 1920 5180 ,

393 5207 395 5212 ·
1788 5203 1890 5262 quan·
1943 5249 1944 5265 2
