4584 5992
416 588 431 637 1
779 556 816 625 Τ
869 580 896 629 rt
952 576 978 628 a
1039 574 1062 624 c
1115 571 1141 624 τ
1199 579 1224 631 Α
1281 578 1306 627 τ
1363 578 1390 629 u
1447 576 1489 628 s.

358 663 394 733 ·&
408 586 545 729 efficacia
565 654 828 734 indulgentiarum
848 668 1034 718 enervatur.
1059 649 1121 712 Ve-
1157 672 1327 733 coercent,
1349 653 1512 718 medentur
1539 669 1737 729 peccatorum
1759 655 1927 743 reliquus,

360 767 430 810 rum
453 759 545 820 quam
567 733 644 801 salla
664 731 704 799 iit
731 733 937 810 consecutio,
961 728 1122 797 manifeste
1159 738 1306 800 vitiorum
1335 735 1456 799 babitus
1484 730 1691 811 oppositarum
1716 738 1872 801 virtutum
1889 757 1927 802 a·

360 842 467 903 patet,
487 823 556 897 quia
578 819 668 881 homo
686 815 822 900 infirmus
842 835 897 891 par
917 832 980 878 non
999 809 1042 876 eli
1063 807 1121 874 sol·
1158 815 1308 880 erunibus
1329 816 1468 890 tollunt,
1489 834 1525 877 ac
1542 812 1926 883 tandemconsnrmeered·

360 904 462 968 vendo
482 921 534 977 per
550 896 631 961 suam
648 892 1122 969 latiriastionemtorutnid,cu·
1159 897 1235 960 dunt
1256 894 1393 958 Christo.
1416 892 1507 957 Unde
1524 896 1574 967 qui
1594 897 1625 956 in
1647 896 1691 958 his
1713 894 1743 960 se
1757 914 1932 977 exercent,

359 987 407 1049 ius
427 979 547 1046 debitor
564 975 608 1043 est
624 976 701 1054 apud
721 973 894 1054 supremam
904 970 1124 1038 Deiiuslitiam
1161 976 1190 1039 lu'
1217 974 1346 1054 prodesto
1367 972 1484 1039 faciunt
1511 969 1747 1056 fruetur-dignos
1763 980 1924 1055 poeniten·

361 1083 417 1145 pro
438 1062 575 1137 iniuriis,
609 1077 663 1121 uae
684 1055 837 1135 peccando
853 1051 1126 1148 ipereomtulit,
1161 1062 1231 1121 tiae.
1253 1057 1408 1121 Haiienue
1424 1053 1561 1148 Hubert.
1691 1136 1698 1149 .
1880 1139 1887 1152 ·

360 1140 571 1223 quodcumque
584 1080 627 1202 lit
642 1141 708 1202 eius
724 1133 908 1215 propositum
935 1128 1124 1199 inteficien·
1200 1136 1287 1202 Nota
1313 1157 1340 1200 1.
1367 1157 1439 1200 eum
1461 1183 1469 1209 ‚
1488 1156 1541 1211 qut
1561 1152 1638 1210 opus
1658 1134 1780 1211 aliquod
1809 1156 1849 1201 ett
1877 1158 1929 1201 m·

361 1225 408 1288 di.
426 1221 535 1298 Quare
552 1240 606 1294 pro
620 1218 736 1283 viribus
757 1215 810 1291 ipsr
829 1214 1046 1282 elaborandum
1062 1211 1120 1287 eii,
1160 1216 1267 1284 iundiis
1284 1220 1397 1296 peregit
1414 1236 1484 1279 cum
1504 1214 1613 1277 affeetu
1643 1215 1678 1277 ad
1700 1217 1824 1293 culpam
1842 1238 1929 1281 rnor-

361 1320 398 1369 ut
413 1303 528 1367 divina
550 1297 717 1364 satisfaciat
739 1296 879 1375 iuliitiae,
895 1294 929 1361 dt
945 1298 1016 1372 quia
1037 1290 1122 1380 infir·
1161 1297 1284 1376 talem,
1311 1294 1428 1361 etiamsi
1451 1293 1552 1372 polica
1572 1299 1736 1382 ¹contritus
1763 1318 1833 1361 cum
1857 1297 1930 1362 Deo

363 1404 430 1447 mus
460 1378 525 1459 eli,
553 1379 586 1444 ἀ
606 1377 710 1444 deficit
732 1381 764 1441 in
789 1380 915 1448 multia,
943 1374 1060 1440 necesie
1079 1369 1122 1456 eii
1160 1379 1395 1452 reconcilietur,
1423 1397 1484 1438 non
1500 1378 1639 1449 consequi
1668 1374 1928 1455 indulgentiam,

354 1482 400 1528 ιιι
421 1465 453 1526 in
475 1458 650 1534 subsidium,
667 1457 700 1525 dt
720 1456 964 1536 supplementum
994 1453 1055 1517 luat
1080 1454 1123 1515 la·
1161 1456 1218 1520 nifi
1236 1478 1329 1533 opera
1350 1458 1449 1530 bona,
1469 1476 1535 1531 quae
1567 1451 1643 1517 sadda
1664 1450 1749 1519 suere
1779 1479 1850 1520 cum
1878 1459 1928 1521 af-

364 1538 541 1607 risfaeinnis
560 1541 598 1603 ad
614 1536 1062 1617 beneficiumindngentiarum
1080 1551 1122 1593 re·
1161 1535 1238 1602 feeru
1259 1538 1383 1602 lethalis
1401 1538 1500 1610 culpae
1512 1583 1524 1612 ‚
1536 1536 1566 1596 io
1588 1535 1669 1598 liatu
1690 1538 1798 1614 gratiae
1819 1534 1931 1601 ianm·

362 1640 485 1688 currat.
506 1619 591 1683 Nihil
610 1623 704 1697 igitur
724 1620 812 1685 tollit
833 1618 888 1681 seu
902 1616 1038 1681 detrahit
1059 1610 1123 1676 haec
1161 1617 1282 1683 ficantir
1304 1619 1407 1682 denuo
1420 1632 1584 1706 =peragar,
1603 1614 1638 1678 δι
1664 1613 1685 1676 st
1710 1612 1794 1681 sorte
1822 1621 1925 1682 emtus

362 1701 516 1767 sententia
537 1699 573 1764 de
589 1698 855 1777 indulgentiarum
872 1698 1013 1767 virtute,
1033 1685 1124 1756 aces·
1160 1699 1267 1763 eadem
1290 1718 1386 1775 opera
1408 1698 1476 1759 iteri
1502 1712 1681 1772 nequeunt,
1710 1699 1927 1785 commutanda

364 1780 490 1858 ficacia,
509 1795 544 1845 ιιι
566 1783 610 1843 ait
629 1778 800 1843 Caietanus
814 1772 1124 1863 insoooperedeite
1162 1778 1231 1843 sunt
1255 1799 1272 1841 a
1294 1776 1488 1842 Confessario
1509 1778 1542 1837 in
1562 1777 1641 1852 alia,
1660 1797 1730 1852 quae
1756 1778 1821 1839 heri
1851 1798 1926 1855 qne

366 1860 552 1940 argentiis,
573 1859 621 1923 ubi
646 1858 685 1921 stc
706 1861 773 1923 ait:
794 1851 1124 1943 Necaquurduudemt·
1162 1877 1246 1934 ant,-
1279 1861 1354 1921 alias
1382 1877 1445 1921 non
1481 1857 1686 1933 perciperetur
1722 1856 1805 1920 indul
1871 1860 1926 1923 tia

364 1956 416 2007 ild?
431 1939 564 2023 efficacia·
586 1931 1124 2018 indulgentiarumfficuinlhilalll·
1161 1935 1289 2015 frustusg
1311 1960 1384 2001 nam
1400 1956 1493 2013 opera
1511 1935 1758 2014 mortua‚‚cuius
1827 1936 1925 2002 imm

363 2024 459 2086 mitur
477 2020 610 2102 efficaciae
631 2022 941 2083 Sacramenmrumex
965 2014 1041 2102 boc,
1068 2010 1126 2075 uod
1162 2015 1239 2085 satia
1259 2022 1291 2081 in
1311 2034 1438 2094 peccato
1458 2015 1604 2090 mortali,
1629 2035 1690 2078 non
1717 2018 1840 2093 poliunt
1878 2022 1925 2080 vi·

365 2112 476 2178 oportet
502 2102 668 2164 aecedentes
689 2098 732 2162 ad
756 2098 810 2163 itta
832 2095 882 2178 effe
901 2096 991 2175 digne
1008 2032 1125 2183 despoti-
1163 2121 1257 2176 vere,
1277 2122 1333 2161 nec
1351 2094 1511 2177 prodesse,
1531 2093 1706 2186 &aliunde
1726 2096 1783 2159 nist
1803 2100 1934 2172 omitia,

372 2196 416 2244 ros
426 2183 454 2260 fi
463 2176 616 2261 frufiuosa
632 2177 688 2259 fibi
707 2176 758 2259 effe
774 2180 898 2244 volunt:
912 2175 969 2254 soli
980 2172 1127 2262 figurem
1161 2200 1229 2257 quae
1250 2186 1282 2241 in
1303 2179 1393 2241 Bulla
1414 2173 1611 2242 concessionis
1629 2179 1855 2255 rniunguntur,
1871 2180 1927 2241 irn-

367 2260 485 2339 tndigni
503 2258 693 2338 indulgentia
716 2308 727 2337 ,
752 2262 787 2321 ad
814 2258 897 2321 illius
916 2255 1021 2337 fratta
1040 2264 1129 2347 tuxia
1163 2264 1306 2337 pleantur
1322 2308 1329 2336 ‚
1348 2258 1449 2321 nullus
1466 2253 1580 2320 studius
1602 2255 1811 2335 indulgentiae
1825 2261 1925 2321 muni·

369 2344 447 2408 bunc
476 2340 599 2405 dicendi.
624 2339 745 2402 modum
769 2338 994 2403 exeluduntur.
1029 2333 1126 2426 igitur
1163 2361 1204 2404 00
1243 2343 1336 2415 excipi
1355 2336 1472 2412 potest.
1519 2417 1525 2430 ι
1636 2416 1643 2430 ι
1741 2418 1747 2430 Ι

367 2442 431 2485 non
459 2418 541 2485 secut
567 2439 602 2483 ac
633 2420 830 2484 Sacramenta
856 2435 948 2483 tanto
972 2410 1126 2478 efficacius
1234 2439 1291 2484 ora
1312 2439 1339 2480 a.
1360 2419 1453 2494 Eum,
1476 2436 1526 2493 qur
1551 2436 1612 2490 prae
1635 2412 1821 2481 infirmitate
1845 2419 1931 2483 intra

366 2517 559 2574 operantur,
579 2516 697 2575 quanto
715 2496 846 2563 subieiia
875 2497 981 2559 melius
1012 2491 1126 2558 suerint
1163 2518 1283 2575 tempus
1306 2495 1513 2577 praescriptum
1541 2517 1635 2573 opera
1662 2496 1794 2561 minoida
1810 2499 1930 2576 exequi

367 2576 531 2658 disposrta;
550 2584 595 2643 ira
611 2577 644 2642 δι
665 2575 884 2658 indulgentia.
905 2574 1086 2654 Tournely.
1166 2601 1226 2645 nnn
1244 2584 1372 2656 potuit,
1393 2600 1433 2644 ex
1452 2576 1624 2642 Sacerdotis
1640 2574 1770 2641 consilio
1787 2579 1872 2643 licite
1888 2579 1929 2645 α

407 2661 455 2724 Ad
475 2658 532 2723 hoc
552 2678 588 2722 ut
605 2662 721 2738 integre
732 2656 841 2724 studius
864 2656 1128 2736 indulgentiarum
1165 2662 1285 2725 utiliter
1306 2657 1389 2734 posse
1404 2679 1442 2723 ea
1462 2659 1562 2735 postea
1578 2662 1709 2732 exequi:
1728 2678 1800 2721 cum
1821 2663 1884 2723 im
1899 2662 1932 2722 in

367 2741 574 2818 percipiatur,
592 2755 737 2818 oportet,
757 2757 793 2802 ut
814 2735 1129 2814 suscipientisanimur
1166 2742 1279 2804 litteris
1307 2739 1571 2816 indulgentiarum
1602 2734 1733 2801 facultas
1761 2737 1935 2805 Sacerdoti·

368 2823 487 2885 alienus
504 2817 561 2894 srt,
580 2840 614 2882 ac
638 2820 711 2882 libet
732 2818 769 2882 ab
786 2816 892 2882 affestss
911 2816 1044 2881 cuiusvis
1064 2832 1128 2889 1³⁸⁶·
1165 2823 1221 2886 bus
1241 2818 1442 2895 conseratur,
1462 2837 1498 2883 ut
1520 2816 1668 2894 infirmit,
1689 2835 1743 2879 aut
1766 2818 1829 2881 alia
1860 2819 1935 2899 tegi·

367 2904 429 2963 cati
447 2902 543 2962 etiam
566 2899 697 2962 venialis
718 2947 727 2975 ,
746 2900 881 2975 alioquin
910 2893 1030 2960 nonnisi
1061 2915 1130 2970 par·
1168 2898 1554 2976 matrumfamilias,
1576 2918 1632 2961 aur
1658 2893 1803 2962 differant
1830 2898 1933 2963 indm·

370 2998 437 3042 tem
457 2976 659 3057 indulgentiae
687 2979 925 3053 consequeretur
949 2998 959 3054 ;
982 2978 1055 3052 quia
1088 2971 1131 3035 se·
1167 2982 1306 3059 gentius,
1325 2998 1380 3043 ant
1401 2982 1499 3042 etiam
1521 2979 1661 3056 quaedam
1676 2998 1716 3042 ex
1738 2977 1886 3044 iniunstir
1900 2998 1937 3045 on

369 3056 504 3123 tundum
532 3077 728 3122 communem
752 3059 890 3121 omniurn
928 3052 1132 3128 sententiam,
1169 3058 1306 3139 peribus,
1321 3062 1355 3121 in
1378 3058 1439 3123 alia
1460 3061 1508 3134 pia
1528 3078 1623 3134 opera
1642 3076 1855 3124 commutent.

369 3139 526 3202 relaxatio
553 3149 655 3212 poenae
676 3141 808 3214 peccatis
839 3135 949 3203 debitae
972 3131 1133 3214 ,necessa
1207 3140 1240 3203 Si
1261 3157 1366 3204 autem
1394 3157 1552 3213 quaeratur
1581 3187 1588 3211 ,
1613 3158 1686 3201 num
1715 3133 1936 3215 perfruimur

368 3219 417 3282 15⁰
433 3214 575 3297 fullonit
597 3219 718 3293 ‘Uliam
735 3214 909 3292 remittam
929 3213 964 3281 ἅ
995 3213 1059 3279 ¹³2⁰
1087 3232 1131 3276 1⁸·
1170 3241 1231 3284 uon
1257 3224 1304 3283 uti
1325 3217 1473 3285 beneficio
1501 3220 1796 3305 indulgentiarum,
1826 3219 1933 3295 absque

368 3299 454 3361 mitti
475 3303 579 3371 nequir
610 3296 664 3358 nist
685 3297 843 3375 displiceat
862 3344 873 3375 ‚
892 3293 926 3363 dt
955 3298 1077 3361 aruimus
1097 3292 1134 3357 ab
1169 3316 1493 3376 earumcontenaptu,
1511 3296 1933 3376 ledexsolodestderiople·

369 3398 407 3441 ea
428 3375 466 3440 stt
489 3374 630 3441 aversus.
646 3376 781 3443 litbert-
1170 3402 1208 3445 ne
1230 3377 1441 3445 'satisfaciendi
1472 3382 1586 3443 divinae
1617 3380 1772 3453 iustitiae,
1796 3384 1936 3456 poetritut

411 3456 459 3519 Ex
487 3457 532 3519 his
552 3456 692 3521 omnbus
710 3454 800 3523 facile
823 3456 924 3537 colligi
943 3454 1060 3533 potest,
1079 3474 1135 3518 ex·
1170 3461 1376 3527 rentmtiando
1391 3459 1519 3524 cuilibet
1540 3479 1642 3537 prenae
1665 3460 1854 3523 relaxationi
1868 3458 1935 3538 ,sa-

368 3536 494 3611 uuisrtas
516 3535 723 3611 dispositiones
754 3539 865 3614 requiri
898 3537 936 3600 ad
966 3538 1135 3612 plenariam
1169 3540 1484 3617 citisetiresponsrm
1504 3544 1669 3616 quiacum
1689 3537 1857 3604 christiana

371 3611 625 3694 indulgentiam,
649 3636 684 3681 ac
713 3614 838 3694 proinde
859 3636 1024 3694 perpaucos
1038 3616 1106 3680 elie
1126 3660 1136 3690 ,
1171 3620 1263 3687 fertio
1280 3624 1311 3683 in
1332 3621 1486 3684 charitate
1502 3617 1670 3697 consiliat,
1690 3640 1754 3696 quo
1770 3626 1870 3700 magis
1895 3641 1937 3687 τι

371 3698 422 3772 uui
440 3695 557 3760 easdem
573 3700 690 3774 integre
707 3694 932 3771 adipiscantur.
1171 3702 1212 3766 eii
1233 3697 1413 3779 persediior,
1440 3720 1478 3763 eo
1505 3704 1600 3778 magis
1631 3696 1805 3765 exardescit
1819 3699 1936 3768 defide-

304 3842 305 3845 ,
414 3761 556 3839 Tandem
572 3779 603 3838 in
622 3795 678 3854 eo,
699 3781 752 3853 qui
770 3773 962 3854 suscepturus
979 3772 1135 3840 estiudul·
1172 3786 1251 3846 rium
1268 3784 1347 3843 uniri
1368 3803 1437 3844 cum
1466 3780 1611 3856 Christo,
1630 3800 1667 3845 ut
1689 3781 1809 3845 ardenti
1837 3786 1938 3847 animo

367 3857 511 3937 gennas,
532 3858 696 3931 requiritur
721 3860 876 3933 intentio,
894 3853 930 3921 dt
950 3854 1137 3933 tunoleum
1170 3863 1337 3937 exoptabat
1359 3860 1524 3938 Apostolus
1537 3910 1544 3938 ,
1559 3861 1649 3941 cupio
1669 3858 1806 3942 dimini,
1825 3863 1868 3930 o·
1883 3862 1939 3945 epe

371 3933 480 3999 efficax
497 3932 627 3999 faciendi
648 3936 753 4014 dignos
768 3932 887 4001 'sruilus
910 3938 1135 4016 poenitentiae
1170 3963 1237 4009 cus»
1254 3940 1386 4023 cirrsto:
1404 3962 1474 4004 narn
1497 3940 1611 4007 fervidi
1636 3946 1770 4006 amantis
1787 3943 1830 4006 eli
1859 3944 1939 4027 uelle

372 4032 402 4077 Ι.
419 4018 491 4089 qula
511 4016 586 4079 allas
614 4034 821 4082 enervaretur
851 4036 904 4094 pet
928 4016 1137 4094 indulgentiae
1171 4025 1314 4098 coniungi
1337 4044 1413 4086 cum
1428 4020 1548 4087 obiesto
1569 4070 1578 4099 ‚
1600 4042 1689 4096 quem
1722 4018 1851 4086 fortiter
1876 4024 1942 4086 dili·

372 4092 583 4158 Ecclesraliica
601 4093 781 4174 disciplina,
801 4116 836 4161 ut
856 4114 947 4161 notat
963 4095 1138 4172 Habertus,
1172 4108 1237 4180 git:
1262 4105 1341 4166 unde
1358 4123 1548 4179 numquam,
1565 4100 1623 4165 nisr-
1643 4107 1741 4166 maior
1763 4103 1821 4167 Dei
1843 4105 1941 4183 gloria

368 4173 406 4238 'dt
427 4172 547 4237 Fideles
576 4195 615 4239 eo
643 4180 735 4256 magia
763 4177 911 4252 proclives
941 4177 1139 4240 redderentur
1172 4185 1202 4246 id
1220 4186 1344 4259 erigat,
1362 4184 1455 4261 eliget
1470 4182 1562 4247 homo
1584 4182 1635 4245 srbt'
1654 4179 1757 4246 diferri
1774 4202 1842 4247 tam
1858 4202 1942 4261 opta·

373 4256 411 4314 ad
430 4253 635 4332 peccandum,
651 4273 685 4317 ot
703 4260 746 4319 ait
767 4257 873 4322 Sixtus
895 4255 946 4318 tv.
969 4274 1059 4321 antea
1073 4254 1137 4317 lau·
1175 4281 1239 4327 ram
1260 4266 1427 4338 unionem,
1448 4259 1535 4324 sicuti
1556 4266 1707 4341 contingit
1728 4267 1757 4327 ei
1778 4311 1787 4338 ,
1815 4268 1866 4340 qui
1891 4265 1943 4328 de·

373 4334 490 4397 datus:
511 4353 537 4393 a.
556 4337 625 4410 quia
645 4334 784 4400 Clemens
803 4335 855 4398 Vl.
872 4336 1042 4414 Extravag.
1065 4338 1140 4397 alite
1174 4344 1257 4407 bitot
1280 4346 1433 4416 poenaein
1458 4344 1518 4405 Pur
1539 4347 1643 4408 arorio
1664 4344 1784 4406 luenda:
1813 4364 1854 4407 ex
1888 4345 1943 4409 hac

372 4415 428 4476 cit.
458 4414 547 4477 docet
570 4461 578 4489 ,
601 4413 809 4496 indulgentias
836 4416 980 4491 concedi,
1008 4433 1045 4480 ut
1068 4434 1142 4503 cun·
1177 4426 1245 4486 vita
1263 4422 1401 4501 decedit,
1419 4421 1471 4484 ubi
1492 4364 1585 4499 usque
1605 4424 1643 4487 ad
1659 4420 1944 4488 extinst'innemde·

375 4492 496 4556 diorum
523 4490 677 4558 Fidelium
705 4513 857 4574 augeatur
884 4497 1039 4569 devotio,
1068 4494 1142 4558 ludes
1176 4504 1233 4569 biti
1252 4500 1403 4566 seiunstue
1425 4523 1441 4564 a
1460 4520 1527 4566 tam
1548 4506 1663 4583 ingenti
1685 4504 1769 4569 bono
1789 4504 1879 4570 debet
1901 4525 1945 4567 re·

375 4574 533 4645 splendeat
557 4621 565 4651 ‚
588 4573 651 4650 spes
672 4576 797 4654 vigeat,
817 4577 952 4640 charitas
977 4574 1142 4638 vehemen·
1177 4601 1322 4648 manere:
1346 4587 1439 4660 igitur
1462 4590 1550 4647 nemo
1577 4605 1641 4649 non
1670 4585 1779 4661 videt,
1809 4584 1947 4649 absolute

374 4658 439 4717 rius
467 4649 649 4718 fervescat:
681 4670 710 4733 3.
739 4660 811 4732 quia
839 4656 953 4718 Summi
978 4654 1142 4720 Pontifires
1184 4666 1355 4742 loquendo,
1376 4658 1534 4739 persediiur
1556 4684 1618 4728 uon
1635 4666 1697 4729 esse
1716 4683 1779 4730 non
1795 4665 1949 4731 nutem

376 4733 500 4808 quando
529 4731 738 4812 indulgentias
772 4735 976 4813 concedunt,
1008 4736 1144 4812 expresse
1184 4743 1255 4808 ficio
1276 4739 1726 4822 indulgentiarum,desrdetio
1744 4746 1838 4823 plane
1863 4742 1949 4811 satis-

271 4820 273 4824 ‘
384 4811 554 4878 admonent
574 4813 780 4879 Conieiiarior
807 4832 869 4892 ,ut
897 4817 1058 4893 iniungant
1084 4836 1146 4893 poe·
1185 4822 1316 4888 faciendi
1337 4841 1392 4889 aut
1415 4822 1627 4905 inpraesenti,
1647 4830 1751 4891 autin
1773 4824 1951 4895 nmora-

388 4970 555 5037 lutares'&
575 4974 771 5039 medicinales
797 4980 882 5038 iuxta
909 4973 1030 5039 Concil.
1057 4975 1145 5042 Trid.

387 5044 453 5116 icti.
478 5069 525 5129 ιφ
543 5073 608 5129 cap.
620 5052 647 5116 8.
659 5054 721 5118 illae
738 5054 829 5132 lunt,
843 5075 911 5130 quae
926 5057 1084 5133 apertatis
1101 5081 1146 5124 re·

389 5149 503 5199 vocant
524 5127 588 5211 ,dt
615 5132 699 5212 quast
726 5131 858 5213 quodem
884 5131 972 5203 steno
1000 5135 1147 5217 palsronea

312 4938 314 4943 ,
388 4892 538 4957 nitentias
561 4890 732 4957 salutares.-
757 4896 953 4973 prenitentiae
974 4911 1079 4959 autem
1099 4896 1144 4960 sa·
1186 4904 1260 4972 culo
1281 4905 1515 4985 poeuaiitatibus
1530 4906 1647 4976 divina
1665 4907 1811 4975 iuiiitlae.

1783 5237 1814 5303 i·
1835 5229 1924 5303 vrit
