4584 5992
442 547 541 651 42¹
829 550 1505 630 Tnaornrtis

381 659 424 721 lia
443 651 632 720 consenserit
654 671 679 713 e.
699 647 818 714 Literas
839 674 866 731 4.
890 654 925 717 de
949 651 1070 731 despon.
1090 656 1165 720 im·.
1184 675 1243 715 ooo
1276 652 1346 716 licet
1382 655 1520 717 eamdem
1544 650 1664 716 lomere
1692 653 1744 719 lub
1774 676 1838 722 una
1871 679 1940 726 tan·

375 739 550 817 potentini
578 736 658 795 ratio
676 727 733 793 soie¹
763 734 893 794 ruditu:
917 754 982 795 tum
998 654 1144 813 βιβοηβα.
1160 749 1164 770 J
1184 755 1249 794 mm
1277 737 1374 807 lpeeie
1401 757 1426 797 c.
1451 736 1648 811 Comperimus
1675 755 1721 797 ii.
1753 735 1819 798 dili.
1842 759 1868 799 2.
1894 744 1931 806 de

292 849 295 855 ¹
382 821 475 881 tiones
502 812 668 891 huiusmodi
693 812 782 871 nulle
803 815 881 887 fini,
910 817 941 876 it
961 826 998 877 tic
1018 836 1049 874 in
1077 819 1143 878 aliis
1160 818 1163 842 ²
1181 816 1332 887 coniecerit.

380 897 591 961 huiulcemodi
615 894 745 955 entibus.
1159 901 1165 967 l
1220 894 1314 955 faio
1335 916 1363 969 4
1386 894 1416 952 iri
1444 893 1584 970 Tutore,
1605 895 1652 954 cui
1675 895 1795 958 tametsi
1817 896 1938 961 conces·

422 975 518 1039 Fallit
540 975 603 1037 haee
625 972 741 1047 Regula
764 989 787 1029 i.
808 973 838 1032 in
868 973 1072 1036 Matrimonio
1093 994 1142 1036 ra·
1161 991 1163 1016 2
1181 974 1243 1034 lum
1269 984 1302 1031 tit
1326 995 1341 1032 a
1370 975 1503 1035 Praetori*
1526 975 1603 1046 quod
1622 995 1718 1036 maius
1739 974 1802 1051 ell,
1829 997 1937 1054 nempe

378 1075 441 1120 to.
475 1055 544 1116 Hoc
574 1054 716 1127 liquidem
752 1052 869 1113 tametli
905 1053 1075 1116 invalidum
1106 1054 1141 1117 sit
1182 1055 1312 1114 vendere
1334 1073 1395 1112 rem
1425 1056 1666 1126 oumliareni,ei
1692 1073 1795 1115 tamen
1822 1076 1883 1117 non
1904 1057 1937 1119 li·

379 1138 390 1213 (
418 1132 579 1200 dummodo
605 1150 707 1195 tamen
729 1132 792 1192 tale
819 1151 879 1191 non
909 1132 945 1195 sit
966 1153 1003 1194 ex
1027 1129 1141 1195 aefetio
1160 1147 1227 1197 {cet
1249 1131 1326 1204 quiid
1347 1134 1444 1193 minus
1464 1133 1524 1207 etl,
1548 1152 1652 1204 nempe
1673 1152 1740 1195 eam
1761 1155 1937 1210 opnignora-

381 1213 541 1278 conleiilus
573 1213 587 1287 )
617 1217 696 1287 parit
732 1210 980 1281 impedimentum
1012 1206 1321 1281 moritoliensi·
1346 1213 1482 1287 pupillor.
1510 1232 1525 1290 7
1558 1213 1590 1274 lit
1620 1219 1645 1275 §1
1674 1226 1701 1287 ζ.
1730 1210 1761 1275 ff
1791 1212 1933 1279 derebus

378 1293 546 1357 'honestatis
566 1313 605 1354 eii
627 1298 692 1352 iure
715 1295 858 1365 antiquo,
880 1292 962 1367 ¹qnod
985 1312 1047 1351 nou
1074 1312 1140 1354 cor·
1157 1274 1293 1361 leorum.

376 1378 461 1437 rexit
488 1376 671 1435 insitorum
694 1376 726 1453 io
749 1368 950 1444 Tridentino,
967 1365 1047 1434 sitiit
1071 1391 1139 1434 cor·
1218 1370 1332 1430 Rauda
1358 1390 1402 1446 54.
1435 1371 1497 1450 Qui
1514 1370 1592 1446 prior
1614 1370 1651 1448 ιβ
1667 1367 1701 1432 in
1720 1382 1865 1449 tempore,
1884 1392 1934 1451 po·

378 1457 459 1515 texit
478 1449 607 1526 retortio
628 1449 829 1523 Sponialiiim.
1177 1463 1231 1510 tio·
1251 1451 1288 1524 ιβ
1314 1450 1344 1508 in
1366 1451 1447 1509 inre.
1470 1452 1618 1526 Congruit
1640 1449 1703 1510 liaec
1725 1452 1844 1528 Regula
1865 1476 1934 1517 cuni

416 1532 512 1597 Fallit
534 1551 562 1591 2.
591 1535 620 1591 in
642 1532 758 1605 iegato.
787 1528 854 1590 Hoc
880 1528 1025 1605 fiqui'dem
1046 1529 1136 1592 alicui
1177 1530 1288 1605 Reguli
1310 1547 1357 1604 99.
1390 1529 1464 1589 luris
1494 1530 1611 1592 civilis.
1639 1529 1714 1591 Haec
1740 1532 1857 1606 Regula
1892 1538 1934 1595 in·

377 1615 436 1675 rite
454 1608 533 1672 litto
550 1608 691 1673 censetur
709 1612 802 1669 tacite
814 1629 1011 1684 revocatum,
1028 1607 1137 1670 iridem
1176 1610 1336 1683 telligenda
1366 1607 1407 1667 ell
1433 1618 1553 1672 caeteris
1578 1607 1719 1684 paribus,
1745 1630 1780 1670 ac
1809 1613 1932 1686 proinde

376 1695 478 1767 pollet
501 1691 563 1753 alio
579 1691 662 1766 'leget
686 1684 834 1762 testator,
857 1689 971 1751 otton-‚fi
994 1687 1137 1764 posterior
1174 1688 1274 1748 locum
1295 1688 1384 1749 habet
1411 1691 1442 1748 io
1469 1696 1503 1750 irs
1529 1704 1673 1762 tantum,
1700 1693 1730 1749 in
1748 1690 1856 1762 quibus
1882 1690 1954 1765 per¹

377 1774 541 1848 legatarius
556 1768 832 1843 liuiulmodilegati
850 1768 886 1830 sit
900 1774 1046 1843 ineapaii;
1068 1771 1275 1841 nariiqnmnia
1306 1788 1357 1840 par
1388 1769 1488 1830 cautla
1516 1766 1583 1844 eil,
1619 1785 1738 1838 eiiceoti
1776 1785 1928 1841 tempore.

372 1848 506 1925 rel'peliu
530 1850 609 1909 illius
630 1848 671 1907 eil
703 1849 873 1911 inualidum
902 1852 981 1911 illitis
1004 1849 1136 1926 legatum
1172 1847 1325 1922 Quocirca
1351 1866 1389 1906 ex
1416 1848 1529 1908 ditibus
1555 1847 1761 1923 emptoribus,
1781 1846 1814 1910 ὃ(
1834 1850 1930 1914 dona-

375 1932 411 1993 L.
437 1932 528 1991 Plane
547 1945 593 2007 34.
618 1948 659 2000 pi.
678 1927 708 1988 ff.
730 1927 768 1988 de
787 1930 873 2008 legat.
1174 1931 1257 1987 ratiis
1280 1928 1332 1985 ille
1354 1922 1529 2000 praefertur,
1554 1931 1603 2012 eiii
1634 1933 1712 2000 prins
1736 1947 1782 1989 res
1805 1930 1928 1993 vendita

413 2009 505 2071 Fallit
525 2023 551 2085 3.
575 2030 605 2068 m
621 2008 719 2070 iudice
740 2008 896 2083 delegato.
927 2008 986 2069 Hie
1007 2010 1088 2069 enim
1114 2004 1133 2065 si
1173 2009 1221 2066 iel
1240 2007 1356 2068 donata
1371 2004 1430 2068 eit.
1453 2007 1489 2068 1,.
1510 2008 1632 2085 Quoties
1659 2026 1702 2082 ις.
1726 2028 1751 2069 c.
1768 2007 1852 2071 dere
1862 2010 1929 2071 irin·

374 2085 558 2151 sententiam
585 2087 621 2146 de
652 2089 716 2147 iure
746 2087 862 2148 nullam
893 2086 1036 2164 profert,
1072 2105 1134 2147 non
1171 2085 1287 2146 ditata.

369 2166 472 2243 ¹potest
502 2188 569 2230 eam
599 2184 766 2241 revocare,
796 2165 944 2229 &aliam
976 2166 1133 2240 prolerre,
1209 2164 1317 2225 Senius
1337 2166 1433 2238 igitur
1466 2164 1590 2238 Regulae
1621 2163 1683 2237 eli,
1709 2164 1787 2234 ouod
1807 2163 1860 2227 uiri
1875 2184 1926 2244 par

373 2247 420 2310 i'ed
451 2248 529 2311 aliut
557 2244 646 2308 iudex
671 2244 861 2316 deputandus
886 2246 927 2307 est
957 2247 992 2308 1,.
1017 2249 1073 2322 β(
1101 2256 1133 2304 ut
1170 2243 1208 2321 ιβ
1232 2243 1324 2322 cauffo
1351 2268 1368 2303 a
1391 2245 1549 2306 voluntate
1577 2246 1701 2305 duorum
1734 2245 1925 2323 dependens,

367 2325 498 2407 proponis
517 2325 529 2401 )
550 2350 576 2407 4.
593 2343 658 2401 cap.
675 2326 823 2405 Quomodo
845 2321 885 2390 (5
901 2326 1013 2403 quando
1029 2324 1091 2387 iud.
1170 2322 1244 2384 inter
1269 2335 1412 2385 certantes
1441 2325 1479 2383 de
1499 2324 1573 2384 iuris
1594 2324 1787 2400 prelatione,
1813 2324 1941 2403 ceteris·

412 2405 506 2468 Fallit
523 2428 551 2481 4.
572 2408 603 2465 iii
621 2405 832 2470 Cominillario
846 2405 974 2470 scienter
987 2407 1036 2468 vel
1051 2422 1133 2481 igno·
1166 2400 1284 2489 paribus
1302 2402 1351 2463 ille
1377 2400 1552 2480 pra-fertur,
1575 2404 1623 2480 qui
1652 2403 1787 2465 anterius
1799 2407 1855 2484 leri
1874 2428 1925 2469 an·

369 2505 477 2548 rariter
497 2490 630 2564 eligente
659 2480 839 2561 indignum
868 2489 938 2561 quia
959 2483 1014 2548 etsi
1044 2484 1133 2546 nulli·
1170 2494 1282 2558 tiquius
1300 2483 1347 2543 ius
1366 2482 1467 2544 habet.
1497 2484 1591 2546 Ratio
1611 2482 1674 2555 est,
1700 2489 1767 2556 quia
1789 2484 1945 2562 cuiusque.

371 2582 421 2628 ter
443 2567 490 2628 hic
511 2567 659 2644 elegerit.
684 2566 777 2627 airum
800 2587 902 2630 tamen
923 2586 983 2629 non
1005 2566 1132 2639 antplius
1149 2596 1152 2613 ·
1167 2561 1211 2623 rei
1227 2561 1365 2641 potiffimo
1383 2581 1450 2638 pars
1473 2561 1650 2640 principium
1671 2564 1705 2625 1,.
1726 2583 1751 2624 i.
1773 2561 1804 2624 ff.
1823 2566 1860 2629 de
1877 2584 1924 2630 re·

371 2647 480 2723 eligere
504 2644 617 2722 potest,
642 2644 691 2706 sed
710 2646 840 2721 eligendi
869 2644 999 2718 potestas
1024 2642 1129 2707 devol·
1164 2643 1246 2718 gulis
1266 2642 1359 2703 iuris.

370 2731 457 2787 vitur
479 2727 513 2786 ad
531 2729 675 2787 elieeiitet
691 2746 756 2799 cap.
784 2729 817 2790 Si
841 2724 1059 2804 compromiffar.
1083 2740 1130 2801 37.
1206 2720 1301 2784 Fallit
1325 2743 1338 2782 i
1362 2723 1423 2784 haec
1442 2722 1558 2798 Regula
1577 2726 1605 2782 in
1631 2724 1755 2798 pignore
1777 2721 1809 2785 bt
1828 2722 1923 2806 hypo·

369 2806 403 2872 ,Si
423 2824 492 2867 vero
511 2804 546 2867 de
561 2802 665 2867 etriiio.
685 2803 716 2866 in
734 2809 762 2865 6.
1066 2827 1070 2835 ·
1168 2817 1255 2877 teca,
1279 2823 1347 2863 cum
1374 2809 1403 2860 in
1426 2803 1469 2862 his
1489 2805 1641 2864 ordinarie
1660 2799 1861 2874 praeferendus
1884 2800 1920 2866 sit

411 2884 527 2959 Regula
550 2899 595 2961 53,
617 2885 672 2948 cus·
688 2883 756 2948 licet
783 2886 916 2963 quodni
943 2888 1031 2965 plus,
1056 2882 1212 2950 lieetleui
1240 2902 1286 2943 res
1309 2888 1390 2956 prius
1420 2880 1481 2941 live
1502 2881 1703 2958 generaliter,
1726 2883 1789 2945 live
1812 2885 1921 2957 specia-

368 2962 472 3041 utique
493 2963 570 3039 quod
585 2967 622 3027 ιβ
639 2965 756 3025 minus.
778 2966 856 3029 Haee
880 2966 995 3042 Regula
1016 2969 1128 3028 intelli·
1167 2961 1255 3035 liter,
1277 2960 1339 3021 lire
1354 2968 1468 3046 tacite,
1489 2961 1551 3022 sive
1572 2965 1707 3022 exoreile
1723 2968 1921 3038 oppignorata

366 3045 396 3136 gi
420 3044 515 3117 poteil
542 3061 605 3103 tam
631 3040 817 3105 affirmative
843 3068 934 3116 otiam
963 3050 1128 3123 negative,
1165 3042 1207 3102 est
1234 3043 1388 3104 L·P0110r
1419 3060 1463 3102 ¹1·
1489 3064 1530 3115 tit·
1552 3040 1582 3102 ff·
1610 3040 1671 3123 ilii
1697 3044 1792 3118 Polior
1817 3041 1850 3104 in
1880 3042 1921 3121 μ’·

367 3139 414 3185 ita
436 3138 472 3184 ut
489 3119 563 3183 licut
585 3141 691 3184 verum
711 3121 754 3184 est
773 3129 803 3183 ln
821 3124 902 3188 lenio
921 3123 1128 3200 affirmativo,
1160 3141 1263 3199 gnere·

365 3203 414 3268 eui
430 3202 495 3265 litet
512 3202 600 3278 plus,
620 3199 687 3265 licet
706 3203 796 3265 etiam
817 3204 938 3277 minus,
962 3202 1034 3266 lice
1055 3227 1126 3267 con·
1204 3200 1297 3263 Fallit
1318 3221 1344 3259 2.
1365 3202 1394 3261 in
1417 3201 1602 3278 privilegiis,
1620 3222 1689 3263 cum
1712 3201 1934 3285 privilegiatus

369 3301 419 3343 tra
438 3286 467 3341 in
485 3276 567 3342 senlu
585 3288 731 3358 negativo
755 3304 860 3345 vorum
884 3286 998 3353 pariter
1017 3284 1059 3347 est
1080 3285 1128 3348 eui
1165 3279 1344 3355 praeleratur
1367 3301 1428 3343 non
1451 3284 1645 3358 privilegiato
1665 3285 1696 3340 iii
1723 3281 1871 3347 lolvendo
1885 3301 1918 3346 ac

370 3385 426 3423 non
456 3358 522 3423 litet
548 3362 624 3437 quod
646 3364 682 3436 ιβ
711 3359 829 3441 minus,
852 3365 953 3439 utique
978 3386 1031 3425 non
1059 3365 1128 3429 licet
1164 3361 1344 3434 repetendo.

370 3441 446 3518 quod
462 3440 500 3508 ιβ
515 3440 632 3503 maius.
650 3440 756 3504 Senius
778 3442 901 3506 huiusce
923 3444 1048 3518 nequo
1067 3446 1126 3517 eil,
1203 3441 1319 3518 Regula
1342 3461 1389 3517 55.
1409 3441 1472 3522 Qui
1485 3439 1577 3519 sentit
1604 3465 1698 3515 onus,
1722 3439 1803 3503 debet
1825 3439 1917 3518 fenti·

369 3521 446 3595 quod
466 3521 514 3583 cui
534 3521 601 3583 lieet
618 3522 696 3598 quod
713 3524 749 3600 ιβ
768 3525 835 3598 plus
851 3523 904 3603 seu
921 3523 1037 3603 morus,
1058 3526 1126 3587 licet
1162 3540 1193 3583 re
1212 3523 1252 3585 tu*
1269 3523 1467 3596 commodum,
1494 3523 1528 3585 lff
1550 3535 1700 3584 econtra.
1723 3521 1799 3585 Haec
1822 3524 1918 3597 Regu·

369 3599 458 3662 etiam
478 3601 555 3675 quod
575 3603 612 3678 ιβ
637 3600 736 3663 miuus
756 3603 790 3663 in
813 3604 918 3665 maiori
939 3617 1124 3681 contentum,
1164 3601 1191 3661 la
1217 3602 1390 3664 bimembris
1413 3602 1476 3676 ell,
1506 3601 1576 3662 idest
1599 3604 1718 3662 duasin
1742 3606 1771 3664 le
1787 3601 1917 3679 Regulat

369 3692 521 3754 tamquam
534 3698 603 3756 pars
618 3678 649 3741 in
672 3692 728 3743 toto
753 3686 805 3744 orl
823 3685 932 3761 species
956 3690 1125 3763 ingruere,
1162 3687 1320 3756 continet,
1342 3700 1374 3742 ut
1400 3701 1436 3743 eii
1463 3679 1560 3743 verbis
1578 3678 1618 3746 (β
1643 3701 1658 3744 ι
1685 3694 1787 3745 contra
1814 3698 1913 3755 patet.

368 3757 550 3835 autquando
567 3771 723 3835 utrumque
741 3774 915 3824 taminatus
932 3766 1125 3838 quamminus
1163 3760 1215 3821 Per
1240 3784 1316 3824 ortui
1337 3809 1344 3832 ‚
1366 3761 1398 3823 dt
1424 3760 1602 3823 romtnodum
1628 3763 1772 3839 intelligit
1802 3761 1916 3838 Regula

369 3841 407 3914 ιβ
428 3837 557 3917 ιιιββίιι
576 3836 755 3915 ordinum
775 3843 876 3903 eadem
894 3846 925 3905 in
941 3856 1062 3918 utroque
1078 3865 1124 3906 re·
1162 3860 1221 3902 non
1242 3844 1381 3914 quaevis,
1412 3838 1457 3903 led
1488 3842 1542 3903 illa
1571 3845 1718 3916 praecipue
1742 3861 1860 3917 onera,
1885 3839 1917 3904 dt

364 3919 479 4001 peritur
498 3919 588 3983 ratio.
615 3920 691 3983 Haec
717 3918 834 3998 Regula
857 3942 930 3985 nota
945 3924 986 3983 etl
1011 3925 1123 3987 lumine
1160 3921 1338 3993 commoda,
1358 3940 1425 3993 quae
1454 3921 1502 3984 vel
1519 3940 1558 3982 ex
1580 3940 1690 3983 natura
1709 3923 1772 3998 tei,
1803 3925 1853 3984 vel
1880 3940 1917 3982 eri

367 4005 430 4075 ipio
452 4004 595 4063 rationis.
1160 3998 1350 4069 dilootitione
1391 4002 1463 4076 legis
1498 4004 1706 4075 proveniunt,
1733 4003 1822 4075 eique
1852 4002 1914 4062 lunt

406 4078 720 4157 Fnllithaetngula
741 4083 904 4152 nouando
926 4081 1023 4145 forma
1041 4105 1122 4145 man-
1161 4100 1294 4142 annena.
1321 4078 1428 4141 Sensus
1450 4080 1575 4155 Rrgulae
1597 4080 1637 4141 eil
1669 4082 1765 4153 quoad
1789 4084 1915 4154 primum

366 4159 431 4219 dati
462 4160 541 4219 aliud
572 4180 715 4233 requirit:
748 4162 824 4225 Hoc
845 4170 925 4226 enim
954 4162 1056 4225 enadle
1081 4163 1123 4225 est
1159 4159 1192 4222 lit
1213 4159 1376 4233 principale
1393 4159 1559 4222 membrum
1583 4160 1823 4233 affirmativum,
1842 4158 1915 4233 quod

364 4236 552 4301 observanda
575 4287 580 4299 .
606 4239 712 4313 Quare
745 4240 764 4302 li
801 4246 891 4305 alicui
923 4245 1003 4317 Papa
1038 4244 1122 4307 iubet
1158 4240 1329 4317 quicumque
1344 4239 1447 4318 suffert
1464 4253 1517 4299 aut
1530 4240 1626 4316 sentit
1651 4262 1724 4300 onus
1739 4237 1793 4316 seu
1810 4238 1914 4303 intorn-

364 4315 518 4408 provideri
544 4318 588 4379 de
619 4325 736 4397 integra
766 4323 955 4399 Praebenda,
985 4321 1045 4394 ipio
1073 4342 1122 4386 et·
1157 4322 1260 4395 moda,
1286 4321 1325 4384 t?
1344 4321 1594 4381 domnnaliruius
1620 4320 1682 4394 rei,
1704 4321 1854 4383 velarint
1878 4340 1915 4381 ere

364 4416 425 4458 iam
456 4402 582 4458 volente
609 4397 642 4460 ὅ(
670 4403 881 4463 eontentiente
909 4403 1030 4463 dimidia
1051 4424 1123 4465 eon·
1159 4400 1400 4463 naturamve!
1420 4398 1599 4475 dispositione
1617 4400 1689 4460 iuris
1707 4421 1827 4462 annexa
1840 4448 1848 4477 ,
1863 4410 1913 4462 eet

364 4476 436 4537 ferri
465 4482 569 4548 nequit
590 4498 654 4554 cap.
684 4480 738 4541 Cui
765 4482 801 4543 de
829 4505 884 4545 non
905 4501 951 4561 27.
983 4481 1018 4544 de
1039 4486 1119 4546 Prae·
1158 4479 1227 4542 inde
1239 4478 1461 4556 provenientia,
1480 4476 1562 4541 debet
1579 4478 1670 4540 etiam
1685 4479 1850 4556 percipere,
1876 4480 1914 4544 lu*
1943 4545 1945 4547 ,

363 4553 447 4617 bend.
465 4556 499 4617 in
520 4560 548 4618 6.
1106 4583 1109 4587 ·
1153 4559 1262 4634 lertire
1281 4560 1446 4636 commoda,
1469 4580 1503 4622 ac
1519 4561 1714 4621 emolumenta
1730 4558 1845 4637 pariter
1865 4581 1912 4621 an·

403 4635 497 4699 Fallit
525 4656 554 4699 2.
579 4634 700 4712 qnando
724 4643 787 4712 quis
815 4643 951 4704 eumelio
982 4642 1120 4716 prohibe·
1157 4660 1250 4712 nexa,
1268 4637 1392 4714 indeque
1410 4638 1630 4716 provenientia.
1652 4641 1690 4701 Et
1713 4661 1796 4702 ratio
1818 4641 1913 4715 Regu·

362 4734 413 4778 tur
438 4721 547 4780 minori
573 4736 610 4780 ex
630 4714 751 4794 caiilia,
781 4738 816 4782 ut
847 4720 866 4781 si
894 4726 958 4796 quii
981 4741 1120 4795 privetur
1158 4721 1194 4782 lae
1215 4717 1361 4795 eii,oaiia
1378 4725 1467 4781 iuxta
1482 4718 1630 4796 Regulam
1653 4716 1747 4780 inff-
1770 4720 1807 4782 dt
1824 4725 1912 4797 Regu·

360 4800 470 4859 minori
494 4799 531 4861 ob
553 4799 722 4864 utilitatem
739 4798 889 4874 aliorum,
912 4803 963 4863 vel
980 4800 1070 4866 iliam
1083 4801 1121 4865 ob
1156 4798 1195 4862 lis
1214 4799 1289 4859 iuris
1306 4797 1366 4871 iola
1393 4815 1502 4861 natura
1521 4799 1629 4874 didiae,
1657 4806 1763 4874 utqui
1791 4821 1912 4874 propter

359 4875 509 4941 nuliam.
1156 4899 1220 4941 rein
1252 4880 1381 4951 aliquam
1406 4877 1483 4941 subit
1512 4899 1604 4940 onera
1637 4878 1669 4942 &
1699 4885 1910 4956 incommoda,

401 4954 498 5020 Fallit
515 4973 542 5037 3.
566 4961 596 5021 iii
612 4959 775 5024 Sacerdote
793 4959 914 5020 Miliaria
928 4960 1119 5033 celebrante,
1155 4957 1314 5021 commoda
1331 4978 1466 5033 quoque,
1482 4954 1516 5020 dt
1537 4961 1744 5022 emolumenta
1767 4969 1837 5022 inde
1851 4981 1909 5036 pro·

360 5039 408 5095 cui
440 5058 509 5099 cum
539 5041 629 5104 liceat
665 5037 780 5103 sumere
816 5038 1032 5121 Eucharistiam
1068 5039 1119 5101 lub
1158 5042 1313 5101 venientia
1331 5042 1491 5111 percipiat.
1513 5035 1602 5099 Unde
1619 5037 1705 5100 sicuti
1724 5039 1913 5115 euiptorpost

359 5135 489 5192 nitique
506 5114 605 5196 speeie
625 5123 703 5197 quod
725 5121 790 5199 plns
810 5119 870 5199 eil,
890 5119 988 5187 eidem
1013 5137 1116 5187 tamen
1155 5122 1362 5199 emptionem,
1380 5116 1547 5183 traditione
1569 5121 1701 5183 nondum
1723 5116 1816 5198 faita,
1839 5121 1910 5183 lubit

1825 5221 1877 5284 μ.
