4584 5992
482 548 886 800 tmuium
931 656 1281 789 RERUM
1323 626 1937 798 uoruss'ipiuur.

849 885 879 947 Α
1008 915 1016 922 ·
1280 869 1446 946 Superior,
1470 880 1507 928 ut
1527 862 1789 943 Metropolitanus
1807 855 2047 945 in'caullsap-¹

563 975 678 1039 libaret
691 986 754 1032 non
764 946 1152 1043 Regularestriplicisfunt
1171 965 1243 1009 eon·
1281 949 1475 1028 pellationis.
1505 943 1554 1023 98.
1575 942 1609 1005 ln
1634 945 1764 1009 articulo
1786 945 1894 1006 mortis
1909 944 2040 1023 quilibet

489 1093 494 1100 ·
587 1053 734 1120 ditionis,
757 1063 863 1120 nempe
872 1040 935 1108 Alii
957 1037 1006 1113 qui
1029 1031 1163 1109 praesunt
1185 1025 1239 1089 Ec·
1280 1028 1424 1095 Sacerdos
1446 1022 1604 1115 absolvere
1620 1022 1717 1103 potest
1736 1021 1773 1086 ab
1792 1028 2039 1091 excommunica·

486 1141 586 1203 clelris
604 1133 680 1196 olim
700 1126 918 1204 Regulariurm
940 1117 1004 1183 Alii
1015 1107 1246 1176 coiumendatt·
1284 1115 1388 1175 tione.
1420 1105 1456 1169 il.
1478 1105 1566 1168 Num
1584 1105 1605 1165 li
1626 1103 1820 1169 convaluerit
1836 1102 1939 1171 &nuo
1958 1105 2038 1172 lianc

490 1222 529 1282 rii
545 1239 553 1252 ·
571 1214 634 1278 alii
654 1210 704 1284 qui
725 1206 915 1281 dignitatern
931 1199 1071 1262 obtinent
1089 1193 1120 1249 in
1143 1185 1245 1248 eccle
1260 1245 1266 1256 ,
1283 1185 1600 1254 uersuramincurrat
1621 1179 1723 1248 finon
1741 1201 1876 1247 recurrat
1894 1183 1932 1250 ad
1946 1185 2041 1262 Supe-

485 1265 740 1368 sia’collegiata,
768 1302 823 1350 aut
847 1275 1040 1346 cathedrali.
1073 1268 1167 1332 Tom.
1214 1286 1245 1330 v.
1285 1274 1417 1344 rinrcm,
1437 1285 1498 1328 non
1518 1262 1897 1329 conveniuntDoslores.
1920 1262 1959 1328 ii.
1982 1265 2040 1330 Εχ.

487 1397 552 1455 Μ·
575 1387 642 1449 ²37·
1287 1371 1333 1413 tra
1357 1346 1522 1410 articulum
1547 1345 1652 1408 niortis
1672 1343 1798 1422 quilibet
1817 1341 1964 1409 Sacerdos
1993 1367 2041 1421 rp-

530 1455 658 1519 Ablutio
680 1434 1040 1516 faciendaiussaptifmo.
1064 1427 1104 1491 T.
1124 1445 1174 1491 tv·
1195 1440 1244 1507 95·
1284 1425 1427 1506 probatus
1450 1426 1487 1487 ad
1507 1426 1574 1490 Con
1606 1421 1715 1490 lfrones
1728 1423 1927 1501 excipiendas
1948 1421 2044 1491 ahsol-

492 1534 625 1602 Abluriu
647 1525 836 1604 quotuplex.
859 1520 894 1583 ib.
1285 1525 1358 1573 vere
1374 1504 1469 1584 potest
1494 1507 1594 1569 aboin
1618 1508 1625 1566 i
1648 1503 1771 1569 censura
1790 1524 1806 1566 a
1827 1506 1892 1567 iure
1914 1526 1975 1569 non
1998 1524 2043 1567 rt·

530 1612 660 1678 Ablutio
683 1606 790 1680 pedum
810 1599 995 1665 caer'emonia
1013 1610 1080 1667 quae
1098 1587 1133 1651 fit
1151 1583 1203 1649 fer.
1215 1605 1245 1650 v·
1285 1587 1426 1663 servata,
1443 1606 1497 1648 nec
1524 1587 1560 1648 ad
1583 1581 1682 1650 forum
1701 1581 1933 1671 contentiosum
1950 1586 2042 1649 dedu·

494 1698 526 1758 in
542 1694 644 1754 Coena
660 1687 801 1750 Domini.
823 1680 862 1741 T.
877 1700 927 1743 iv.
952 1674 998 1751 84.
1283 1664 1330 1731 Ra
1349 1686 1387 1730 ex
1409 1684 1529 1741 recepta
1558 1664 1799 1728 consuetudine.
1832 1662 1869 1723 il.
1902 1664 1975 1729 Hoc
1997 1685 2044 1730 ta·

532 1773 685 1837 abortum
707 1781 885 1839 procurare.
908 1757 968 1820 vid.
987 1748 1215 1813 Homicidium.
1286 1766 1356 1809 rnen
1383 1745 1483 1809 locum
1515 1743 1683 1808 nonhabet
1708 1743 1728 1806 si
1751 1742 1914 1818 Episcopus
1940 1747 1972 1806 jn
1995 1741 2045 1809 sno

531 1850 705 1927 Abf082150
729 1844 800 1920 ¹⁸3ss
823 1840 916 1916 quid.
936 1856 965 1896 V·
986 1833 1068 1895 Lex·
1284 1824 1401 1891 siatuto
1422 1823 1472 1886 sibi
1501 1826 1705 1888 reservaverit
1730 1831 1891 1887 censuram
1913 1844 1975 1887 non
1999 1845 2045 1888 se.

532 1930 714 1996 Abl'olurio.
736 1943 802 1997 quae
815 1918 857 1984 esi
869 1915 966 1981 fornia
982 1908 1172 1973 Sacramenti
1184 1922 1249 1980 poe·
1284 1902 1439 1968 servatam
1459 1905 1491 1965 in
1512 1907 1577 1966 iure
1594 1909 1767 1967 communi.
1793 1901 1873 1963 ltcm
1894 1904 1968 1965 licet
1987 1926 2045 1967 nou

495 2014 660 2075 nitentiae.
684 2001 776 2068 m.
799 1999 846 2078 84.
868 1990 1027 2062 Absolurio
1049 1985 1160 2060 triplici
1181 2005 1245 2044 mn·
1285 1983 1441 2049 reservata
1464 1980 1587 2046 dedufia
1614 1981 1649 2044 lit
1679 1983 1714 2046 ad
1742 1980 1841 2045 foruiu
1868 1987 2046 2048 contentio.

495 2092 534 2154 do
553 2087 682 2159 exprimi
704 2076 824 2155 poteli,
848 2093 954 2149 nempe
974 2070 1064 2132 modo
1079 2066 1246 2138 deprecati·
1285 2065 1364 2127 sum.
1387 2062 1423 2123 is.
1443 2062 1488 2123 De
1506 2066 1570 2123 iure
1591 2081 1675 2125 novo
1697 2062 1859 2138 Episcopus
1879 2066 1911 2124 in
1932 2062 2044 2127 duobus

495 2192 557 2232 vo·
591 2165 679 2228 niodo
699 2161 750 2226 &c
776 2158 817 2219 ib.
845 2157 998 2230 Quaenam
1022 2167 1060 2208 cx
1083 2143 1128 2204 his
1145 2137 1248 2202 surmio
1284 2142 1398 2206 casibus
1415 2139 1572 2228 ablolvere
1592 2140 1689 2217 porr-st
1709 2138 1870 2205 mosum
1891 2144 1980 2219 pm
2000 2164 2045 2207 re,

497 2217 672 2311 ex’Chrisli
702 2239 893 2302 institutione
919 2224 1112 2294 adhibenda.
1141 2221 1189 2297 85.
1213 2218 1247 2279 lu
1285 2224 1427 2285 servata.-
1452 2241 1476 2281 1.
1496 2216 1516 2279 si
1535 2221 1726 2285 litocculta:
1748 2218 2044 2294 nisquieiiiicon·

499 2327 595 2389 l'nrma
617 2298 1186 2396 absoliirionis‚quaeiserellariasrnr.
1208 2296 1245 2358 ib.
1285 2304 1381 2365 traxit
1404 2302 1513 2374 Papam
1536 2300 1616 2362 adire
1639 2316 1794 2377 nequeat.
1828 2314 1878 2377 99.
1907 2299 1980 2368 Hoc
2003 2319 2047 2366 u.
2079 2349 2081 2354 ,

498 2408 546 2468 De
568 2399 651 2466 lensii
676 2393 953 2471 vcr'unriiuissgore
974 2384 1109 2462 absolvo.
1134 2378 1182 2441 86.
1203 2381 1249 2440 tae
1285 2402 1354 2444 meri
1377 2381 1476 2443 locutu
1508 2398 1568 2439 uon
1596 2378 1686 2443 habet
1707 2380 1755 2443 ubi
1777 2378 1950 2444 Concilium
1977 2379 2048 2444 Tri·

498 2483 686 2549 ablolutione
706 2478 756 2541 sub
775 2474 980 2536 conditione.
1014 2463 1059 2542 87.
1088 2458 1250 2545 Absolutis)
1285 2453 1587 2545 dentiuuninunsuit
1605 2477 1777 2535 receptum.
1801 2456 1836 2519 r'b.
1853 2458 1963 2523 Clerici
1982 2482 2049 2536 per·

497 2585 560 2629 non
582 2557 755 2624 innovanda
777 2553 861 2629 l'uptr
881 2552 988 2615 eadem
1001 2538 1194 2607 confessione
1215 2538 1249 2597 li·
1285 2536 1414 2604 ruffiofi
1444 2539 1521 2600 leurs
1543 2542 1601 2612 pt,
1624 2541 1907 2604 excommunicatio
1927 2538 2043 2604 absolvi

499 2665 537 2705 ue
560 2661 651 2703 novae
673 2636 770 2709 culpae
791 2629 1005 2696 accusatione.
1035 2620 1070 2683 ib.
1089 2621 1251 2684 Auoiuuo
1287 2616 1382 2696 potell
1404 2616 1440 2682 ab
1458 2617 1619 2694 Episcopo.
1640 2617 1677 2681 ib.
1701 2618 1780 2683 ltem
1796 2621 2050 2684 clericorumcol·

420 2717 424 2728 ’
498 2723 603 2797 ouibus
622 2712 841 2791 impartienda,
862 2711 966 2785 quibus
987 2699 1181 2785 deneganda.
1202 2693 1248 2757 88.
1288 2700 1437 2778 legialirer
1457 2702 1671 2762 viventiumin
1687 2700 1876 2762 Sentinario.
1897 2697 2049 2765 Poeminae

501 2802 607 2868 quibus
628 2794 812 2860 differendi.
843 2807 889 2868 90.
913 2783 1077 2862 Quomodo
1096 2778 1250 2842 Conlelli·
1288 2780 1375 2843 abeo
1399 2775 1513 2840 absolvi
1537 2778 1679 2855 possum,
1699 2778 1732 2844 ἀ
1753 2778 1887 2856 impubes
1911 2780 1971 2843 dou
2000 2799 2051 2844 “-

501 2878 562 2936 rius
584 2884 662 2940 circa
677 2871 863 2942 constitutos
880 2874 910 2930 in
936 2865 1092 2931 occasione
1114 2861 1250 2934 proximu
1289 2879 1390 2933 paces.
1422 2876 1486 2919 100.
1511 2858 1651 2936 Religiosi
1670 2857 1689 2920 si
1711 2862 1848 2922 invicem
1864 2860 1962 2940 etiam
1981 2879 2048 2938 grt-

502 2955 530 3015 le
547 2971 650 3026 terere
670 2953 777 3016 debeat
800 2952 899 3025 quous
914 2949 1115 3011 collatronem
1134 2937 1252 3000 absolu·
1290 2943 1373 3001 viter
1389 2938 1417 3000 se
1430 2942 1602 3015 percutiant
1619 2988 1626 3015 ,
1643 2936 1816 3001 absolvendi
1826 2933 1894 3001 sunt
1908 2959 1925 3000 a
1938 2938 2050 3002 Piaela·

503 3034 612 3094 rionis.
631 3047 679 3106 92.
702 3032 863 3101 Quomodo
879 3048 949 3106 erga
965 3018 1176 3089 moribundum
1208 3036 1253 3079 ra·
1289 3036 1322 3083 to
1345 3021 1464 3095 propriu
1482 3018 1676 3083 Monaflerii.
1700 3016 1736 3080 ib.
1767 3014 1932 3094 Episcopus
1956 3015 2049 3080 absol·

464 3177 473 3192 ‚
502 3107 639 3174 rioribus
670 3108 845 3168 criminibus
875 3108 1028 3169 irretitum
1062 3038 1252 3190 reconcisiari
1291 3118 1363 3185 vere
1380 3094 1478 3173 potest
1495 3119 1711 3189 quemcumque
1728 3098 1932 3172 perculloretn
1954 3098 2049 3161 cleri-

502 3206 681 3264 Ρθῐθῆῑθῦ).
702 3185 735 3250 &
755 3183 792 3245 de
811 3189 907 3244 veteri
931 3180 1066 3246 Ecclesiae
1097 3176 1253 3249 disciplina
1289 3181 1316 3242 ci
1337 3178 1421 3239 litum
1442 3176 1610 3241 subditum.
1632 3178 1752 3253 quando
1767 3173 1909 3239 desistunt
1937 3176 1979 3241 eli
1998 3195 2049 3241 oc·

500 3273 535 3332 5¹⁸
554 3265 631 3332 bisce
652 3264 782 3331 casibus.
804 3281 850 3341 94.
871 3260 965 3325 AEzas
983 3257 1122 3338 requisita
1143 3256 1178 3315 ad
1194 3255 1255 3315 Or·
1289 3260 1428 3328 cultuiu,
1445 3277 1500 3319 nec
1520 3255 1677 3321 dcdufiuni
1695 3259 1731 3321 ad
1753 3253 1855 3321 forum
1870 3260 2046 3322 contentiu-

502 3343 819 3428 dimiustipi‘ndffi·
839 3342 907 3402 ²⁶⁰·
1096 3421 1100 3428 ,
1212 3418 1215 3427 ,
1269 3297 1369 3400 ¹furti·
1397 3352 1461 3401 ¹01.
1490 3336 1668 3401 Sacerdotes
1687 3358 1792 3402 omnes
1823 3334 1982 3411 approbati
2013 3335 2048 3402 ad

543 3426 700 3492 Absolutio
717 3446 732 3486 a
753 3421 885 3485 Censura
913 3417 954 3482 cll
984 3417 1125 3484 liberatio
1146 3437 1164 3477 a
1187 3434 1254 3475 vin·
1269 3378 1274 3450 Ι
1291 3415 1376 3479 cuns.
1389 3416 1513 3492 diones,
1532 3437 1666 3494 tempore
1688 3417 1794 3483 lubilei
1814 3413 2050 3493 absoluturos·

409 3507 414 3514 '
503 3508 573 3569 culo
591 3507 791 3579 proveniente
811 3524 825 3562 a
847 3502 987 3564 censura.
1010 3497 1109 3560 Tar.
1127 3494 1273 3571 ”Ab-¹
1293 3499 1359 3560 suut
1388 3502 1416 3557 in
1449 3495 1513 3560 fuio
1536 3500 1726 3571 poenitentia
1755 3520 1772 3562 a
1797 3491 1931 3558 censuris
1961 3499 2049 3573 Pipa

504 3587 616 3648 liilurio
638 3605 653 3645 a
674 3583 798 3646 censura
814 3583 963 3643 dividitur
990 3599 1013 3639 t.
1034 3597 1067 3640 iii
1088 3576 1253 3639 absolutio
1293 3579 1475 3646 reservatis,
1500 3582 1568 3651 quia
1590 3583 1630 3639 iii
1652 3582 1779 3655 exigunt
1797 3577 1896 3640 Bullae
1923 3571 2049 3640 lubileo·

503 3665 537 3727 ἀ
552 3663 814 3725 conditionatum.
838 3681 865 3719 2.
885 3665 914 3719 in
935 3657 1167 3722 Absolutionem
1188 3651 1254 3712 fim-
1294 3681 1375 3721 runi.
1399 3654 1434 3715 il.
1456 3656 1546 3719 Tunc
1571 3660 1665 3719 eriain
1691 3658 1891 3734 Regularibiis
1914 3656 2048 3721 concedi·

504 3743 637 3817 pliciter,
658 3741 923 3803 &adcautellarn
943 3751 969 3813 3.
992 3741 1112 3824 iu'cam
1129 3751 1197 3807 quae
1213 3730 1255 3791 est
1294 3757 1365 3812 tur,
1386 3755 1420 3798 ut
1437 3738 1548 3813 eligere
1570 3734 1676 3812 posfint
1694 3733 1917 3800 Confeflarium
1934 3733 1971 3800 ab
1986 3733 2049 3808 Epi·

505 3822 541 3882 ab
558 3823 699 3894 homine,
719 3818 751 3883 ὃ(
773 3822 802 3880 in
825 3837 967 3888 taurona
987 3815 1028 3876 rll
1046 3833 1062 3876 a
1079 3817 1162 3874 iure.
1188 3832 1215 3886 4·
1228 3833 1256 3867 iu
1292 3818 1378 3886 stopo
1395 3815 1674 3892 app:obatu.n,cui
1697 3834 1785 3880 extra
1813 3815 1965 3880 lubileurn
1991 3833 2047 3876 non

507 3899 735 3963 Abliilurioneni
765 3898 962 3973 simpliciter,
984 3895 1016 3958 dc
1038 3893 1073 3954 ad
1092 3895 1256 3953 reincioeu·
1294 3894 1400 3972 pnlssnt
1423 3894 1581 3957 ciufiteti.
1604 3893 1639 3956 ib.
1660 3894 1783 3959 Habens
1800 3893 1984 3959 facultatem
2003 3891 2048 3956 ab·

508 3986 598 4040 sinin.
621 4000 647 4056 5.
671 3984 700 4039 in
717 3977 1012 4060 Absolutionempro
1033 3972 1101 4036 foro
1116 3974 1256 4040 interni),
1294 3974 1425 4038 solvendi
1452 3999 1468 4036 u
1493 3981 1622 4048 pecturis
1641 3977 1728 4051 Papae
1751 3973 1937 4050 reservatis,
1965 3991 2047 4051 pote·

440 4075 443 4081 “
505 4061 538 4123 ὃ(
561 4057 690 4134 prustito
712 4076 859 4120 externo.
884 4051 1047 4119 Absolutus
1065 4050 1256 4135 infotocuu·¹
1294 4057 1402 4120 statim
1427 4054 1517 4117 habat
1546 4055 1720 4119 absoluendi
1743 4056 1838 4119 erim,
1867 4076 1884 4120 ι
1912 4048 2049 4117 censurii

505 4143 637 4202 scicntiae
660 4139 687 4200 le
704 4158 807 4210 perere
823 4135 910 4200 debet
933 4139 974 4197 ita
1002 4150 1157 4207 externe,
1178 4150 1212 4190 at
1238 4133 1257 4220 (ι
1293 4137 1389 4197 rident
1408 4136 1581 4221 reservatis.
1608 4133 1644 4195 il.
1669 4131 1832 4198 absolutio
1853 4136 1885 4195 iri
1915 4132 2049 4204 lubileu,

504 4237 566 4280 non
587 4217 662 4280 esset
681 4214 846 4279 absiluuis.
869 4214 897 4275 ss>
924 4215 1259 4277 Exconimunicatutoo
1296 4214 1370 4277 rcfle
1391 4213 1532 4289 disposito
1551 4235 1620 4276 curn
1643 4219 1815 4278 intentione
1837 4213 1974 4278 lucrandi
2006 4212 2048 4273 lu·

506 4294 685 4357 iuiulliriani
719 4297 767 4357 vel
791 4296 1033 4371 scandalum,iu
1056 4309 1166 4354 neutro
1194 4288 1258 4350 soro
1294 4296 1427 4370 bileum,
1452 4292 1567 4355 etiarnsi
1587 4292 1686 4367 postca
1708 4295 1745 4357 eb
1766 4293 1900 4357 caussam
1923 4281 2050 4368 aliquam

509 4373 622 4437 abfolvs
648 4381 770 4450 nequir,
788 4373 841 4437 ¹³¹st
861 4380 940 4450 visus
959 4367 1138 4460 satisfecerit
1162 4374 1262 4454 parri,
1294 4376 1367 4437 illud
1385 4393 1447 4435 non
1471 4374 1627 4448 lucretur,
1645 4374 1728 4438 tollit
1745 4373 1921 4448 censuram.
1938 4372 1978 4433 is.
1996 4371 2050 4435 Ab·

508 4474 563 4517 itur
589 4449 758 4514 scandalunt
779 4452 927 4517 suffulsit
955 4503 962 4528 ,
986 4451 1019 4516 dc
1046 4455 1064 4511 li
1087 4450 1259 4513 satisfacere
1295 4454 1409 4518 solutus
1430 4471 1567 4529 ternpore
1596 4451 1702 4514 lubilei
1725 4472 1742 4514 a
1775 4451 1892 4517 delibus
1921 4450 2052 4516 omnibus

510 4551 638 4608 nequeat
650 4581 658 4610 ,
689 4532 758 4592 dare
780 4532 867 4595 deber
892 4535 1031 4597 idoneaui
1051 4549 1229 4591 cautionem
1251 4576 1259 4603 ,
1294 4540 1389 4599 eriam
1407 4531 1592 4609 reservatia,
1612 4533 1631 4593 si
1654 4530 1714 4610 poss
1733 4552 1891 4609 acceptum
1909 4531 2053 4597 lubileum

510 4612 550 4690 se,
565 4615 784 4689 quamprimum
806 4619 940 4690 putcrft,
959 4607 1194 4686 latissislurum,
1216 4615 1257 4670 ita
1296 4620 1408 4677 iterum
1434 4611 1588 4675 relabatur
1615 4618 1644 4672 in
1667 4612 1768 4676 casum
1786 4660 1795 4689 ,
1816 4630 1868 4676 aut
1897 4611 2052 4679 censuram

509 4711 562 4766 ut,
583 4690 602 4752 li
621 4694 1005 4768 quaiuprinunicuinninde
1026 4687 1198 4752 satisfacere
1211 4711 1257 4760 pu-
1295 4692 1573 4759 icfervataniintia
1594 4691 1657 4756 dies
1673 4692 1779 4755 lubilei
1797 4741 1807 4772 ,
1826 4685 1942 4757 iterum
1964 4690 2054 4758 absol·

510 4791 578 4836 rens
594 4794 655 4836 uon
676 4767 860 4847 satisfaciat,
879 4776 992 4835 iteruin
1012 4791 1250 4834 exeruimunrca·
1297 4781 1327 4835 vi
1352 4770 1469 4846 putcsl.
1497 4770 1533 4834 ib.
1557 4771 1603 4834 Eri
1632 4795 1692 4849 quo
1715 4772 1818 4850 colligi
1845 4774 1960 4853 posfrt,
1987 4795 2056 4837 nuni

510 4856 626 4914 cionem
646 4852 829 4916 contrahat.
856 4848 1086 4915 iuuentutis
1111 4852 1188 4911 sulus
1210 4850 1257 4909 Si·
1295 4853 1419 4918 censura
1444 4851 1480 4916 sit
1503 4850 1674 4917 reservata.
1708 4871 1773 4916 102.
1803 4851 1959 4933 Censura,
1987 4872 2056 4933 puta

415 4999 418 5005 ,
507 4932 611 4994 cerdus
629 4931 784 4996 abl'ulvere
802 4929 895 5018 peresi
918 4933 948 4992 iu
972 4928 1039 4993 siiru
1066 4939 1206 5005 interno,
1230 4937 1256 4991 iu
1296 4932 1470 5013 suspensio,
1489 4932 1701 5011 lnrerdidluui,
1718 4937 1780 4998 lara
1798 4934 1834 4998 ad
1853 4954 1996 5016 ternpus,
2012 4935 2058 5000 vel

508 5008 578 5073 foro
604 5034 674 5077 vero
690 5030 819 5076 externo
840 5012 917 5074 loliis
939 5017 987 5086 qui
1005 5013 1161 5072 ceuluraiu
1179 5013 1257 5074 intu·
1298 5013 1349 5079 sub
1371 5014 1472 5090 aliqua
1493 5015 1690 5090 conditione,
1717 5016 1907 5081 adveniente
1928 5020 2060 5083 termino

509 5092 563 5166 lit,
585 5110 640 5196 apt
661 5098 726 5157 eius
748 5092 914 5170 succellor,
934 5092 982 5154 uel
1006 5090 1159 5169 delegatus
1178 5139 1187 5167 ,
1209 5107 1257 5157 ecl
1299 5098 1347 5161 seu
1368 5093 1521 5175 completa
1541 5097 1718 5162 conditione
1738 5095 1854 5162 cellas.
1886 5096 1924 5164 i's.
1956 5100 2063 5245 valida

1963 5203 1982 5247 f
2024 5230 2032 5259 r
