4584 5992
611 583 676 635 ne
712 561 890 631 Statu
933 558 1244 638 Retrotoso
1277 564 1491 642 (ΜΝ.
1706 573 1772 669 381

289 657 461 749 Regularep
480 659 541 725 esse
561 659 795 749 inamovibiles,
814 676 884 719 cum
904 676 965 718 non
987 659 1034 719 vi·
1070 659 1100 724 se
1120 683 1137 725 a
1164 683 1248 726 novo
1272 669 1424 744 tegiminis
1444 666 1605 745 methodo,
1632 670 1710 745 quod
1739 676 1824 737 inter

286 742 397 806 deatut
417 741 591 805 vettffimile
608 787 617 816 ,
637 738 810 801 Concilium
827 734 958 799 voluisse
974 735 1033 796 Cu·
1070 740 1146 814 ipsos
1166 747 1358 818 excogitavit
1375 766 1410 808 ac
1431 744 1535 807 slattiit
1557 752 1587 807 in
1605 749 1670 826 ipsis
1687 747 1745 813 suis
1761 755 1822 825 pri·

287 837 371 885 ratos
386 821 550 899 Regulares
566 819 675 884 liberos
695 819 754 878 elle
772 838 788 877 a
806 812 927 901 suorum
943 815 1033 887 sope-
1068 822 1191 883 mordiis
1206 823 1428 887 Monachorum
1439 824 1678 891 Cilierciensium
1687 829 1823 905 Congre-

285 903 400 964 riorurn
413 902 607 977 obedientia,
632 918 668 962 iic
691 916 753 960 non
782 895 843 956 elie
865 895 901 956 ad
927 911 1032 984 eorum
1047 916 1051 985 i
1067 903 1171 978 gano,
1192 918 1227 964 ut
1253 901 1308 965 lioc
1332 903 1483 967 mediante
1503 903 1671 970 Monislica
1692 906 1821 984 discipli·

286 994 398 1043 nutum
419 980 614 1044 amoribiles.
636 977 744 1051 Adde,
763 973 842 1047 quod
862 973 1032 1062 Contslsum
1047 998 1050 1010 ¹
1067 999 1105 1042 na
1134 977 1251 1042 facilius
1281 984 1345 1044 inte
1367 1002 1397 1045 ra
1417 981 1452 1047 dt
1475 984 1662 1048 invariabilis
1690 989 1722 1049 in
1754 986 1820 1064 ipsis

284 1060 318 1120 iti
335 1060 538 1133 permittendo
562 1055 715 1136 Episcopis
731 1050 916 1144 constituere
931 1051 1030 1143 ‚Vua-
1067 1057 1320 1148 setvatetur‘gqu
1380 1060 1456 1123 adeo
1471 1079 1677 1138 opportunum
1693 1066 1820 1134 adhunc

282 1142 346 1202 rios
365 1159 540 1215 perpetuos,
565 1139 690 1211 apponit
720 1141 794 1223 banc
811 1132 1030 1218 limitationem
1065 1135 1155 1199 linem
1180 1134 1281 1201 visum
1310 1135 1372 1202 sitit
1396 1140 1532 1204 Patribus
1560 1147 1661 1221 magni
1688 1145 1818 1211 Latere·

280 1217 317 1280 &
338 1222 568 1297 exceptionem,
586 1217 652 1297 Ni'ss
666 1214 753 1279 aliter
766 1210 899 1284 expedire
913 1207 1028 1271 videbi·
1065 1214 1163 1278 nensis
1182 1216 1331 1295 Consilii,
1357 1234 1393 1281 ut
1418 1239 1478 1283 non
1499 1218 1594 1284 solum
1618 1222 1708 1287 valde
1734 1244 1818 1289 cotti·

280 1306 356 1360 tur.
378 1297 544 1375 Nunquam
572 1297 661 1371 plane
681 1295 820 1367 expedit,
848 1292 1029 1365 Regularem
1064 1294 1295 1372 mendaverint,
1322 1295 1369 1359 sed
1388 1298 1423 1363 ἀ
1441 1298 1579 1364 omnibus
1599 1303 1668 1365 aliis
1692 1303 1820 1367 Ordini·
1856 1343 1859 1351 ·

280 1395 360 1441 voro
374 1377 558 1441 obedientiae
582 1372 778 1446 obsititlum,
805 1387 913 1463 contra
936 1368 1028 1454 Supe·
1063 1371 1116 1435 bus
1137 1376 1317 1438 imitandum
1338 1374 1561 1452 proposuerint.
1583 1380 1678 1444 lnimo
1692 1387 1765 1459 quia
1784 1388 1822 1454 itt

279 1459 367 1522 rioris
382 1457 578 1523 voluntatem
593 1455 653 1517 elle
670 1449 915 1515 inamovibilem.
942 1445 1027 1510 lusu·
1062 1453 1130 1516 aliis
1159 1455 1326 1518 Ordinibus
1356 1476 1460 1519 norma
1492 1460 1590 1521 etiam
1620 1461 1819 1537 superiorum

277 1556 334 1611 per
355 1533 419 1601 sive
438 1534 601 1611 deputetur
618 1535 666 1596 liic
685 1531 826 1595 Vicarius
845 1545 1029 1603 perpetuus,
1062 1533 1224 1597 immutata
1244 1534 1308 1611 est,
1329 1555 1438 1614 nempe
1458 1550 1493 1599 ut
1514 1557 1574 1599 non
1594 1538 1691 1604 essent
1712 1562 1823 1617 perpe·-

277 1613 343 1679 five
365 1614 742 1692 arnovibilis,nominatio
761 1608 1026 1681 Vitariipertinet
1063 1615 1109 1674 tui
1139 1609 1188 1675 sed
1214 1615 1413 1691 temporales,
1436 1613 1471 1678 &
1498 1619 1697 1693 utplurimum
1718 1626 1817 1684 trien·
1944 1690 1946 1692 ι

276 1697 315 1759 ad
332 1695 523 1771 Superiores,
539 1713 603 1755 non
618 1693 655 1755 ad
672 1686 849 1766 Episcopum
864 1733 881 1777 ,Ι
895 1702 931 1748 ut
949 1702 1025 1776 tarn·
1061 1691 1168 1768 nalcs,
1190 1688 1338 1755 statutum
1363 1690 1423 1758 suit
1443 1710 1477 1757 ut
1500 1699 1530 1757 in
1554 1696 1703 1763 Generali
1730 1700 1816 1763 Con·

275 1794 366 1850 quam
380 1770 512 1838 decisum
529 1771 802 1849 aCongtegatione
814 1763 1024 1827 susltncntcrt.
1061 1787 1161 1835 ventu
1188 1774 1264 1838 novi
1285 1774 1381 1835 etiam
1406 1773 1580 1850 Superiores
1608 1777 1813 1855 eligerentur.

275 1853 400 1917 Du&
420 1852 575 1917 consentit
600 1849 735 1929 Fagnan.
757 1850 788 1909 in
807 1866 835 1909 c.
854 1846 959 1910 Grave
989 1842 1034 1913 de,
1060 1846 1151 1913 Unde
1167 1849 1205 1913 ad
1225 1850 1285 1914 duo
1304 1856 1454 1930 praecipue
1471 1852 1634 1919 tutioritas
1649 1855 1813 1922 Generalis

275 1934 344 2013 offic.
361 1932 498 1997 Ordines.
517 1952 546 1993 n.
568 1933 617 2010 64
1059 1927 1196 2008 Capituli
1217 1929 1370 1994 refertur:
1400 1933 1532 1997 Primum
1563 1934 1597 1999 dr
1628 1941 1824 2013 praecipuum.
1844 1997 1846 2002 ,

317 2012 402 2075 Num
428 2032 501 2076 veto
529 2009 693 2088 Regulares
714 2005 819 2070 assumi
848 1999 968 2094 possint
986 1999 1023 2064 ld
1059 2006 1102 2069 esl
1135 2008 1293 2086 Regulatis
1321 2010 1485 2088 disciplinas
1515 2013 1741 2094 conservatio,
1768 2020 1813 2081 in·

272 2088 424 2155 Beneficia
455 2089 612 2155 saecularia
641 2106 748 2151 curata
776 2091 1033 2173 controvertitur
1059 2085 1229 2166 stauratio,
1255 2108 1290 2151 ac
1316 2085 1516 2168 reformatio,
1543 2091 1565 2153 st
1593 2095 1638 2157 its
1656 2115 1732 2171 opus
1752 2094 1824 2160 sit,
1866 2143 1869 2148 .

272 2169 532 2234 interDollores.
558 2170 628 2230 Dixi
645 2171 776 2241 Curae,
803 2162 929 2254 quiade
956 2162 1023 2221 lim·
1057 2166 1230 2233 Secundum
1258 2165 1293 2232 dt
1318 2171 1417 2232 minus
1448 2171 1613 2246 principale
1650 2171 1700 2237 seu
1729 2174 1823 2249 quasi-

271 2249 398 2326 plicibus
415 2252 500 2313 ⁰⁰¹¹ss
517 2245 612 2324 potest
638 2245 755 2309 institui
780 2238 927 2333 qssaestlo,
954 2259 1023 2302 cum
1058 2248 1252 2310 accessorium
1272 2245 1314 2308 est
1333 2248 1439 2312 eiectio
1458 2248 1640 2329 Generalis,
1666 2254 1824 2317 aliorum·

269 2330 333 2392 iam
351 2329 467 2394 conslet
483 2348 522 2392 ex
544 2331 626 2401 iure,
654 2326 719 2390 liasc
736 2319 933 2401 Regularibus
949 2339 1020 2382 con·
1056 2345 1116 2399 que
1140 2326 1355 2403 Superiorum,
1385 2331 1436 2403 qui
1463 2330 1572 2392 eodem
1601 2330 1719 2394 ardenti
1742 2333 1812 2397 zelo

269 2408 335 2472 cedi
352 2428 413 2471 non
431 2408 802 2486 polle,collationemque
817 2398 1020 2490 essenullam‚
1057 2403 1190 2482 accensi,
1217 2424 1252 2469 ac
1278 2402 1388 2482 spiritu
1410 2406 1573 2470 Generalis
1601 2409 1733 2485 Capituli
1755 2413 1812 2475 im-

268 2492 536 2565 attestantem
557 2488 592 2552 de
609 2485 747 2564 Beneficio
772 2484 809 2546 de
827 2476 970 2557 praebrvid.
986 2497 1021 2566 ,¹¹¹
1056 2481 1144 2575 buti,
1169 2484 1204 2547 ad
1229 2503 1370 2548 normam
1390 2486 1545 2561 prudentis
1572 2488 1653 2553 illius
1675 2485 1813 2554 didlami·

266 2568 299 2627 6·
314 2566 349 2633 δε
364 2568 476 2633 elarius
492 2571 525 2632 in
539 2588 604 2643 cap.
630 2568 720 2643 Super
741 2583 772 2627 ro
791 2556 1034 2650 ileuRegusssrib·⁸
1056 2581 1103 2623 nis
1117 2565 1291 2641 corrigant,
1313 2563 1503 2643 restaurent,
1521 2564 1705 2633 conservent
1718 2614 1729 2646 ,
1741 2586 1811 2645 puae

266 2644 384 2710 Verum
399 2650 495 2712 etiam
511 2649 548 2711 de
565 2644 727 2708 beneficiis
743 2657 857 2705 curatis
874 2637 1020 2727 nunclsu·
1054 2638 1206 2705 Generale
1225 2642 1400 2718 Capitulum
1415 2640 1534 2710 cetssuit
1550 2646 1745 2726 corrigenda,
1764 2652 1810 2710 in·

264 2744 460 2801 pervacanea
485 2725 529 2790 est
549 2726 647 2787 omnis
666 2714 894 2791 controversia,
925 2732 1021 2806 etiam
1056 2718 1481 2798 flautanda,conservanda.

263 2802 400 2879 respeslu
416 2803 646 2868 Canonicorum
669 2800 884 2878 Regularium‚
915 2793 1020 2871 quibus

263 2874 1021 3018 nonvidebaturadversaritaliscollatioidum
1347 2893 1374 2954 ς,
1417 2883 1520 2952 χιχ,

262 2976 441 3103 anteiit.
454 2958 1019 3117 illiti-ll'litlztll?⁹vlit
1152 3002 1195 3068 ⁰⁶
1208 3000 1337 3082 carin
1357 3004 1511 3072 siniti,
1533 2999 1653 3085 ‘lestis
1673 3023 1706 3070 π

260 3135 303 3180 ex
318 3120 384 3181 iure
400 3140 485 3184 novo
500 3120 582 3183 clare
600 3119 719 3194 constat
736 3116 792 3181 hoc
809 3115 941 3191 amplius
954 3131 1018 3178 tion
1286 3179 1288 3183 Α
1354 3087 1512 3165 '‘mim“

264 3194 361 3261 licere
384 3194 446 3262 sine
467 3199 587 3262 indulto
608 3196 803 3272 apostolico,
821 3211 865 3281 ut
885 3215 925 3259 ex
954 3194 1018 3256 De·
1091 3193 1214 3261 Nosneo
1233 3196 1366 3275 Capituli
1385 3201 1446 3264 iam
1462 3200 1592 3265 vidimus
1612 3196 1806 3275 desumptum

261 3293 351 3369 creto
369 3274 511 3355 Gregorii
530 3275 625 3366 lllll.¹
637 3275 688 3340 lta
710 3274 837 3339 suslinet
851 3272 1017 3352 Fagnsous
1051 3275 1113 3369 elle
1140 3276 1326 3370 ecapitulo
1354 3279 1503 3371 Reglnloe,
1522 3280 1600 3373 qnod
1620 3277 1808 3370 Monachis,

260 3373 391 3499 :list
405 3354 1018 3515 filialitatisillailla
1052 3376 1110 3497 ll
1127 3354 1748 3513 alliliaffilllilt?illest?
1767 3356 1809 3498 :l
1851 3499 1854 3505 .

262 3512 389 3592 Peleus,
418 3515 613 3579 Passerinus.
649 3514 689 3577 Et
714 3514 814 3579 multo
842 3519 939 3605 magis¹
960 3515 1018 3576 boe
1052 3510 1237 3605 incessanter
1256 3512 1441 3605 ¹innovando
1458 3530 1563 3605 eorum
1592 3516 1698 3577 animis
1726 3515 1826 3592 leges.

258 3608 343 3656 nuuc
371 3590 415 3656 esl
435 3611 583 3671 certum,
612 3593 684 3657 dum
712 3596 758 3656 ita
787 3590 956 3658 declaravit
982 3612 1017 3656 ac
1051 3590 1095 3654 lui
1124 3587 1292 3669 lnsiitutr,
1320 3610 1381 3654 uon
1404 3591 1660 3658 obliviscerentur
1685 3612 1808 3657 earum·

261 3673 368 3739 vetuit
386 3669 436 3740 sus
454 3673 684 3741 Constitutione
701 3670 883 3737 Beneditlus
901 3669 985 3737 XIV.
1052 3671 1119 3733 dem
1153 3665 1386 3749 observantie,
1418 3672 1453 3737 dt
1485 3673 1675 3737 inviolabilis
1701 3670 1807 3740 servs·

1053 3768 1139 3814 retur
1163 3748 1332 3814 Monaslica
1359 3752 1545 3828 disciplinae
1577 3748 1668 3817 Unde
1697 3751 1807 3830 locus,

524 3843 549 3904 s.
591 3830 742 3900 xviii.
1052 3828 1102 3895 ubi
1144 3830 1216 3894 talis
1250 3827 1336 3893 letiio
1369 3829 1489 3908 fiebat,
1524 3832 1559 3898 ἀ
1596 3828 1658 3907 ipsa
1693 3832 1807 3895 Mona·

339 3953 386 4015 ve
402 3950 535 4031 caru
554 3951 698 4022 tentat
717 3948 758 4020 r
776 3941 933 4020 errane-
1051 3908 1505 4064 {astrictissime
1521 3910 1807 4065 altinati·

289 4063 372 4129 Cum
381 4067 1017 4146 CapitulumGenetaletotamlimulCon·
1053 4085 1159 4135 runt.
1190 4069 1294 4141 Quare
1324 4089 1394 4132 cum
1422 4068 1678 4147 congregationes
1709 4072 1805 4132 etiam

258 4149 470 4220 mentionem
490 4147 541 4213 seu
557 4152 704 4215 Ordinem
722 4146 937 4227 representet,
952 4170 1016 4215 aus·
1051 4147 1216 4213 Generales
1242 4147 1390 4213 inllitutae
1406 4147 1481 4221 sint,
1499 4164 1534 4210 ut
1556 4145 1758 4220 pertristetut
1768 4150 1805 4214 de

257 4220 387 4297 pliffima
404 4229 535 4305 idcirco,
552 4247 587 4293 ut
603 4250 709 4294 omnes
724 4230 810 4292 ultro
825 4228 1016 4308 concedunt,
1051 4227 1178 4305 Regulae
1200 4224 1413 4305 observantia,
1435 4226 1613 4302 Superiores
1627 4245 1732 4290 ornnes
1752 4227 1805 4294 do-

256 4298 450 4382 &suprema
472 4313 502 4371 in
528 4329 566 4372 eo
585 4308 690 4373 residet
718 4305 847 4372 facultas
875 4312 957 4374 eirca
978 4330 1013 4375 ea
1051 4327 1199 4382 morum,
1225 4307 1274 4381 qui
1305 4306 1340 4369 ad
1371 4307 1607 4371 interessendum
1634 4302 1804 4374 huiusmodi

258 4388 364 4447 missia
391 4408 460 4465 quae
488 4387 657 4481 universim
688 4384 851 4481 respiciunt
878 4378 1015 4468 Religio·
1050 4384 1342 4465 congregationibus
1353 4384 1729 4481 vocabantur,rstionem
1739 4388 1805 4452 red·

257 4466 1016 4635 lilaea”illlestntssltitsttitiilt
1051 4465 1480 4621 ilit‘iltffltltlfl'i
1499 4462 1804 4610 titillasset.

257 4635 320 4685 uus
346 4624 473 4689 Ordinis
500 4625 672 4691 consensu.
696 4626 801 4705 Qate
828 4649 897 4691 cum
927 4627 1013 4691 Ordo
1052 4645 1102 4690 tut
1118 4627 1156 4689 de
1175 4624 1327 4701 remedio,
1347 4621 1367 4687 fi
1384 4623 1492 4689 alicubi
1508 4624 1735 4704 dignosceretur
1751 4624 1804 4687 de·

255 4697 417 4780 Regularis
440 4706 632 4772 Hierarcbiae
649 4705 685 4767 sit
713 4704 750 4769 ad
772 4706 864 4769 instar
884 4706 1011 4769 Hierat-
1051 4702 1169 4780 fecisle,
1188 4702 1222 4770 ἀ
1243 4705 1319 4768 tales
1339 4703 1521 4768 Conventus
1538 4703 1667 4784 capituli
1680 4706 1804 4767 nomine

253 4780 333 4846 chiae
354 4785 539 4849 universalis
567 4782 727 4862 Ecclesiae,
755 4785 934 4859 Capitulum
953 4785 1014 4849 Ge·
1052 4785 1196 4861 appellati
1219 4782 1309 4847 sunt.
1338 4783 1374 4845 ln
1396 4784 1561 4849 bisantem
1582 4782 1732 4860 Capitulis
1751 4784 1803 4846 sets

254 4863 364 4926 nerale
383 4865 514 4929 relative
536 4865 572 4930 ad
599 4865 762 4942 Regulates
791 4862 930 4929 sehabet
952 4887 1014 4929 non
1051 4865 1196 4929 Generali
1217 4865 1385 4929 Conventu
1405 4863 1594 4943 eligebantur
1616 4867 1689 4925 novi
1710 4860 1805 4940 Supe-

254 4937 341 5006 leotrs
359 4963 395 5008 ac
415 4942 580 5011 Generalis
604 4944 738 5009 Comitia
769 4941 897 5018 respeliu
919 4950 1016 5008 totius
1053 4950 1168 5020 riores,
1196 4950 1245 5019 qui
1267 4942 1353 5019 supra
1379 4939 1536 5023 Regulatis
1564 4936 1728 5015 disciplinas
1748 4940 1803 5008 ob·

245 5015 415 5086 Ecclesiae.
439 5024 504 5089 lain
521 5027 674 5097 vidimus,
695 5022 871 5086 institutum
890 5022 1017 5098 Capitu-
1054 5022 1207 5089 servantia
1223 5021 1345 5087 solicite
1365 5024 1580 5102 invigilarent.
1817 5090 1819 5095 A

240 5088 269 5167 li
286 5100 463 5173 Generalis
484 5105 563 5183 apud
582 5106 751 5187 Regularei
771 5106 896 5167 initium
921 5101 1020 5168 duris·
1094 5101 1178 5169 Finis
1199 5105 1293 5183 igitur
1313 5107 1482 5182 praecipuus
1501 5099 1699 5167 Generalium
1716 5098 1809 5181 Capi·

449 5234 451 5237 <
1298 5228 1301 5232 ·
1724 5198 1779 5248 tii·
