4584 5992
331 615 336 625 Ι
725 523 1565 600 prospiciuntur.
1828 551 1875 628 71

351 657 359 672 ·
413 630 496 697 Hinc
513 627 777 705 semicoctum
800 622 861 689 else
891 619 1073 702 potestatem
1098 624 1130 685 in
1168 621 1248 715 serre
1268 622 1366 702 poteri
1383 672 1397 699 ,
1421 644 1456 689 eo
1473 625 1554 705 qaod
1565 623 1599 689 in
1616 621 1722 693 iudicio
1745 647 1830 694 acmo
1844 630 1922 712 poffis

360 710 529 786 arctetis,
548 728 608 784 qua
624 706 885 771 excommunicari
902 701 992 781 possit
1008 719 1063 767 aut
1076 697 1132 766 ful·
1168 703 1219 785 effe
1234 704 1345 783 iudex,
1362 704 1403 771 Θ
1418 726 1507 771 ress.
1526 705 1719 786 lndulgemia
1735 728 1841 776 autem
1857 732 1922 776 non

372 794 462 873 pendi
483 791 622 856 Sumcms
634 780 799 861 Pontifex,
827 784 911 849 salva
929 786 998 848 eius
1019 799 1134 849 contii·
1168 805 1220 863 per
1238 786 1360 850 modum
1380 786 1540 852 sementim
1564 786 1683 864 datur,
1711 786 1759 851 sed
1781 810 1837 866 per
1848 810 1922 855 rm·
1987 862 1989 864 ,

371 875 472 938 macla
489 874 520 934 in
541 868 664 946 hiereli,
679 887 740 943 qua
758 863 906 929 defineret
929 861 1041 928 nedum
1071 861 1132 926 esse
1168 863 1241 929 dum
1260 861 1489 942 dispensationis
1507 865 1690 941 cuiusdam,
1720 887 1810 944 quam
1831 869 1923 935 honio

362 970 468 1029 eaput
482 997 490 1028 ,
505 947 661 1013 sedetiam
675 944 842 1010 mendarum
859 941 1000 1008 Ecclesiae
1022 947 1133 1022 (quem
1169 942 1267 1010 facere
1286 944 1384 1020 potest
1400 947 1442 1011 ad
1462 943 1591 1025 seipsum
1608 992 1616 1009 .
1645 948 1761 1012 Verum
1781 965 1857 1013 nota
1873 949 1923 1015 hic

364 1033 475 1099 oesiam
495 1048 597 1094 tamen
614 1026 723 1093 censeo
742 1044 824 1089 mere
842 1019 1083 1100 speculativum,
1100 1019 1133 1086 di
1162 1046 1208 1090 eir
1225 1025 1263 1089 D.
1287 1023 1401 1090 Thom.
1420 1030 1451 1090 in
1480 1047 1607 1103 corpore
1633 1026 1744 1093 ibidem
1763 1077 1772 1104 ,
1803 1025 1923 1103 Episco-

369 1114 406 1176 in
422 1112 547 1174 Summo
564 1103 713 1173 Pontilice
730 1102 793 1170 sere
810 1100 1044 1181 impossibilem)
1061 1104 1133 1178 quia
1169 1127 1258 1182 pum,
1276 1105 1327 1170 vel
1340 1106 1523 1170 matricem
1546 1107 1708 1185 dupliciter
1724 1106 1807 1183 polle
1828 1106 1923 1171 consi·

365 1212 437 1257 mon
451 1190 493 1254 ell
511 1192 544 1252 in
559 1209 596 1253 ea
610 1188 755 1265 ¹Superior
772 1185 946 1250 authoritas
960 1230 969 1262 ,
983 1203 1043 1262 qua
1066 1184 1134 1259 quis
1169 1185 1266 1250 derari
1288 1185 1366 1260 quod
1387 1186 1612 1266 lodulgentiam
1629 1187 1680 1252 sibi
1692 1185 1744 1263 ipsi
1753 1188 1922 1252 concedat:

364 1277 494 1337 virtius
509 1270 648 1346 propris,
666 1285 720 1333 aut
737 1285 789 1344 per
805 1264 1028 1341 delegationem
1084 1258 1133 1326 ffir
1170 1284 1197 1327 1.
1217 1263 1329 1329 direfle
1350 1265 1383 1331 dt
1404 1266 1604 1331 immediate:
1627 1265 1675 1332 sed
1690 1268 1761 1345 quia
1781 1273 1836 1331 vix
1855 1268 1922 1333 dari

365 1369 569 1417 cunctatum
589 1346 776 1412 sententiam
795 1341 1034 1420 coafiivampro
1067 1360 1133 1419 rte,
1166 1344 1264 1421 pollet
1284 1342 1362 1411 iusta
1377 1346 1479 1412 caussa
1503 1363 1539 1411 ut
1559 1348 1658 1413 l'ecum
1676 1347 1786 1423 inhoc
1802 1345 1923 1423 disperi-

363 1438 505 1507 iextepts'
520 1478 528 1508 ,
544 1428 748 1503 tstdicebam,
769 1424 859 1503 ipsius
880 1425 1076 1489 comumacia
1098 1422 1133 1484 in
1169 1425 1213 1490 let
1234 1426 1410 1490 immediate
1430 1474 1439 1505 ,
1458 1427 1492 1492 dc
1512 1425 1573 1489 sine
1590 1424 1666 1492 iusta
1681 1428 1785 1492 caull'a
1804 1427 1922 1503 dispen-

366 1509 498 1586 isaereli.,·
512 1530 585 1573 nam
604 1500 1131 1585 tunccongtegatoGeneraliCon·
1168 1502 1246 1570 satio
1273 1526 1334 1569 non
1358 1508 1483 1585 valeat,
1507 1526 1577 1572 raro
1604 1507 1656 1571 sibi
1682 1510 1800 1584 poterit
1817 1507 1923 1572 lndul·

368 1592 444 1658 ril'm
465 1594 495 1652 in
517 1586 613 1667 ipsum
633 1587 796 1666 procedere
812 1584 937 1662 pollet,
962 1601 997 1649 ut
1020 1582 1132 1648 docent
1187 1588 1286 1651 entias
1302 1587 1477 1650 immediate
1485 1585 1662 1665 concedere,
1678 1584 1799 1652 tametsi
1809 1587 1924 1653 Suarez

373 1671 542 1749 Theulugi.
559 1679 590 1731 2.
605 1669 765 1748 Sequitur,
791 1664 972 1743 Episcopum
997 1684 1059 1729 non
1088 1664 1131 1724 in·
1226 1666 1279 1730 alii
1308 1665 1366 1731 lioe
1390 1664 1473 1744 pulle
1494 1664 1628 1732 absolute
1651 1667 1830 1732 concedant
1852 1711 1860 1729 .
1886 1685 1921 1731 e.

368 1771 493 1819 currere
512 1750 882 1823 excommunicationem,
902 1766 993 1823 quam
1006 1742 1132 1825 ipsetu·
1169 1745 1313 1810 indirefle
1339 1744 1377 1813 dt
1401 1747 1561 1824 mediate,
1588 1745 1706 1812 scilicet
1726 1747 1924 1813 concedendo

373 1832 474 1912 lillet,
496 1847 568 1906 puta
588 1833 620 1893 in
637 1826 734 1899 sures,
750 1828 824 1892 lieet
854 1827 915 1902 iple
945 1845 1014 1890 reus
1040 1820 1131 1888 fieret
1167 1824 1453 1907 Indulgentiasilli,
1472 1828 1523 1904 qui
1544 1827 1599 1892 tali
1609 1827 1657 1892 die
1674 1826 1924 1904 ieiiinaverit,&

368 1908 477 1987 furti,
503 1913 575 1988 quia
601 1906 797 1986 respeflusni
830 1903 917 1983 ipsius
943 1926 1006 1970 non
1035 1903 1131 1979 potest
1168 1903 1228 1984 ipse
1251 1904 1350 1985 potest
1374 1906 1425 1972 sibi
1452 1907 1562 1971 lucrari
1585 1908 1780 1985 ieiunando,
1806 1906 1842 1973 dt
1865 1908 1926 1971 tali

362 2010 516 2057 'uincere
545 1988 782 2054 iurisdifiionem
803 1985 998 2053 eoadivam.
1029 1982 1130 2049 Potest
1167 1987 1258 2051 modo
1274 1987 1312 2049 D.
1340 1983 1453 2053 Tlorn.
1478 2008 1549 2051 cum
1574 1988 1644 2052 aliis
1673 1988 1749 2053 dicit
1765 2006 1820 2052 eos
1840 1986 1925 2063 polle

364 2090 478 2138 tamen
498 2074 600 2136 siure
619 2070 875 2134 excommunicari
902 2064 1059 2132 occasione
1079 2084 1132 2129 ex·
1167 2065 1218 2133 sibi
1239 2066 1447 2149 indulgentias
1468 2070 1634 2145 impartiri.
1654 2067 1804 2135 Salmant.
1823 2066 1870 2131 nd
1892 2084 1922 2128 a.

315 2171 318 2176 '
366 2153 660 2218 communicationis
680 2169 698 2213 a
719 2146 749 2212 se
770 2150 867 2224 latae,
885 2145 907 2210 si
927 2147 1131 2212 comnmnica·
1168 2143 1242 2223 resp.
1259 2147 1341 2224 posse
1381 2150 1412 2211 ui
1429 2148 1521 2214 haber
1540 2145 1723 2212 facultatem
1739 2144 1927 2223 dispensandi

364 2248 420 2297 -ret
439 2254 508 2295 cuin
524 2233 808 2306 excommunicato,
838 2229 1132 2292 escuinmunimio·
1166 2249 1237 2292 cuns
1251 2229 1320 2292 aliis
1339 2169 1468 2305 ,secum
1487 2248 1607 2305 quoque
1628 2232 1659 2291 in
1677 2228 1761 2293 votis
1781 2226 1833 2292 vel
1850 2226 1879 2290 le
1900 2228 1926 2288 i·

371 2332 412 2377 ne
432 2330 537 2376 tamen
553 2313 663 2373 minori
685 2307 826 2374 statutas
843 2310 909 2372 iure
925 2325 1035 2372 contra
1047 2326 1130 2370 eom·
1166 2310 1223 2373 bus
1237 2303 1429 2387 dispensare.
1449 2310 1499 2372 Sic
1518 2308 1551 2370 S.
1572 2306 1708 2371 Thomas
1728 2306 1800 2372 loco
1813 2247 1925 2371 lauda·

368 2396 565 2456 manicantes
584 2411 655 2454 cum
668 2392 954 2457 excommunicato.
972 2387 1131 2452 ltaDt'ana
1167 2406 1203 2452 to
1221 2389 1253 2451 in
1266 2409 1413 2466 corpore.
1434 2389 1519 2454 Alias
1533 2388 1671 2452 Summus
1688 2382 1829 2452 Pontifex
1847 2382 1926 2451 esset

370 2473 426 2535 cit.
447 2472 498 2533 liic
518 2470 720 2535 aSalmantie.
730 2469 894 2549 Oolligitur
905 2483 930 2548 3.
941 2468 1020 2546 quod
1041 2465 1131 2532 siduo
1164 2468 1326 2535 deterioris
1344 2469 1528 2534 conditionis
1551 2489 1643 2546 quam
1658 2469 1712 2532 alii
1733 2515 1743 2545 ,
1768 2468 1927 2544 quianon

371 2548 485 2614 'Vicani
511 2550 564 2614 vel
587 2549 762 2614 Prorilores
785 2551 824 2615 ab
852 2549 959 2614 eodem
985 2545 1131 2626 Episcopo
1167 2548 1264 2624 pollet
1281 2550 1318 2614 ab
1337 2549 1403 2613 ullo
1416 2550 1449 2612 in
1466 2551 1550 2614 votis
1569 2545 1731 2625 dispensari
1751 2591 1759 2608 .
1783 2545 1844 2610 Sed
1864 2545 1926 2610 hoc

368 2628 579 2708 assignentur,
594 2650 672 2693 unus
688 2628 851 2694 censuram
867 2631 899 2691 in
914 2627 1049 2692 alterum
1068 2625 1130 2691 scr·
1166 2628 1235 2692 idco
1254 2626 1297 2691 est
1316 2677 1325 2705 ,
1354 2632 1426 2704 qnia
1446 2628 1527 2693 acius
1543 2626 1775 2704 dispensationis
1796 2645 1858 2690 non
1874 2622 1924 2689 est

373 2730 409 2775 se
429 2729 491 2772 non
508 2709 605 2785 valet,
626 2730 656 2772 v.
676 2730 703 2786 g.
713 2710 979 2771 excommunicare
991 2753 1001 2782 ,
1013 2704 1131 2782 suspen·
1164 2705 1251 2771 ailus
1267 2706 1708 2780 iurisdifiioniscontentiolae,
1723 2702 1925 2780 quaetellium

323 2843 326 2847 .
373 2789 466 2865 dere,·
488 2790 538 2851 vel
553 2808 632 2852 ontis
654 2786 817 2862 Episcopus
839 2789 934 2849 alium
943 2783 1131 2862 Episcopum,
1161 2785 1200 2851 dt
1218 2786 1413 2863 probationes
1432 2786 1646 2853 &citationes
1668 2788 1799 2863 exigat,
1822 2782 1860 2849 dt
1884 2783 1929 2848 sic-

373 2870 447 2943 quia
460 2887 515 2942 par
536 2870 569 2929 in
590 2883 691 2942 parem
707 2869 868 2942 imperium
884 2863 936 2929 seu
956 2862 1130 2929 iurisdiflio·
1167 2864 1363 2941 personarum
1378 2888 1442 2933 non
1463 2870 1540 2944 petit
1560 2864 1793 2942 dillinffionem,
1814 2863 1863 2928 fed
1880 2862 1926 2929 so-

344 3008 348 3021 ,
372 2965 444 3010 nem
461 2965 523 3011 non
542 2945 653 3010 habet.
1166 2947 1229 3010 lum
1257 2947 1386 3023 prudens
1414 2947 1586 3024 iudicium,
1614 2948 1695 3026 quod
1722 2946 1880 3010 examinet
1901 2941 1925 3006 si

411 3026 470 3088 Sed
491 3024 604 3089 obiiees
625 3045 653 3086 r.
669 3024 761 3100 Quod
777 3020 874 3100 potest
889 3021 1053 3100 Episcopus
1078 3024 1129 3086 vel
1165 3023 1241 3090 adiit
1266 3025 1342 3092 iulia
1362 3027 1463 3093 caussa
1488 3026 1703 3105 dispensandi,
1731 3022 1813 3103 quod
1835 3022 1925 3089 nnus·

319 3171 323 3182 ,
371 3100 515 3169 Pontifex
531 3105 697 3168 concedere
715 3103 767 3167 libi
790 3103 1016 3182 indulgentiam
1040 3106 1128 3168 itreta
1163 3102 1341 3183 quisqueex
1366 3106 1395 3172 se
1422 3106 1486 3185 ipso
1505 3106 1605 3173 facere
1633 3105 1733 3187 potest
1751 3138 1771 3168 .·
1791 3107 1860 3168 Nee
1878 3102 1925 3168 est

371 3183 411 3247 D.
433 3182 587 3248 Tliomam
616 3187 648 3246 in
677 3207 707 3263 4.
725 3182 794 3247 dist.
821 3201 848 3244 a.
871 3206 898 3261 q.
918 3204 949 3246 1.
970 3200 1033 3248 art.
1047 3205 1079 3263 4
1098 3207 1127 3262 q.
1165 3185 1246 3253 astus
1263 3186 1475 3253 iurisdiflionis
1496 3190 1648 3264 punitiva
1676 3200 1731 3251 aur
1750 3183 1925 3259 coafflvae,

370 3286 419 3345 4.,
443 3264 520 3354 alias
535 3264 633 3328 cllem
652 3265 815 3329 deterioris
833 3263 1019 3329 miiditionis
1039 3284 1129 3340 quam
1162 3288 1253 3346 quem
1273 3288 1333 3332 non
1351 3266 1448 3344 potest
1470 3267 1579 3343 aliquis
1602 3271 1635 3329 iri
1655 3264 1686 3329 se
1708 3263 1778 3339 ipso
1796 3282 1924 3328 estree-

368 3346 453 3418 alii,
482 3344 596 3407 lidum
621 3344 689 3412 aliis
720 3345 928 3422 Indulgentiae
959 3343 1129 3408 concedam
1164 3369 1228 3425 re,
1256 3346 1305 3411 sed
1331 3347 1541 3411 iurildislionis
1566 3346 1782 3418 voluntarie,
1809 3345 1922 3417 inqua

371 3422 504 3498 valent,
524 3443 587 3487 non
609 3423 727 3502 pollent
747 3423 800 3487 libi
818 3446 830 3498 ,·
851 3424 884 3487 δι
900 3438 1004 3490 tamen
1024 3423 1138 3486 indul·
1161 3425 1262 3504 potest
1282 3427 1362 3489 idern
1381 3429 1442 3489 elle
1460 3426 1604 3499 Superior
1628 3422 1664 3488 &
1686 3419 1838 3496 inferior,
1869 3418 1923 3485 seii

391 3510 547 3569 cotiarum
562 3501 713 3568 concessio
727 3503 772 3567 esi
794 3504 877 3567 astus
900 3501 1126 3566 iurisdiflionia.
1166 3506 1300 3569 subditus
1322 3504 1499 3581 suiipsius.
1522 3504 1571 3568 lld
1591 3518 1619 3583 3.
1641 3501 1765 3566 candem
1785 3499 1924 3578 respond.

364 3580 908 3664 ·gitiiicumligatiopercensuras
927 3581 1060 3645 siradius
1081 3586 1127 3645 iu·
1163 3607 1234 3649 eum
1249 3584 1288 3648 D.
1318 3583 1472 3660 Thoma,
1505 3581 1724 3648 absolucionem
1747 3581 1783 3647 ἀ
1803 3580 1924 3659 ligatio·

372 3665 574 3742 rildidlionis,
591 3662 694 3742 potest
711 3665 801 3728 illum
817 3665 850 3725 in
866 3660 991 3739 leipsum
1006 3680 1128 3725 caerte-
1160 3685 1234 3728 nem
1263 3666 1296 3727 in
1314 3662 1383 3745 foro
1410 3660 1492 3745 confr
1511 3664 1586 3727 ionis
1615 3684 1669 3755 ee
1702 3661 1801 3743 quoad
1826 3668 1922 3725 Deum

360 3757 429 3810 ἠ.
463 3766 492 3807 a..
509 3744 704 3821 Dispensatio
724 3741 767 3808 ell
787 3740 870 3806 aaut
893 3739 1126 3805 iurisdiflionis·
1162 3757 1300 3822 santum,
1319 3662 1669 3823 apudqumaliasaso
1685 3742 1838 3821 superior,
1856 3740 1924 3829 red·

370 3824 405 3891 dc
429 3830 480 3903 qui
508 3827 693 3903 porcilatem
720 3823 812 3888 habet
835 3823 1047 3898 ordinariam,
1075 3788 1127 3885 ves
1161 3827 1245 3889 duur
1263 3823 1389 3904 inferior
1405 3840 1456 3904 per
1470 3837 1618 3904 peccam
1677 3829 1923 3910 Excesseramus·

367 3906 541 3985 delegatam
560 3905 745 3981 dispensandi
764 3925 836 3968 oum
855 3904 916 3967 alio
937 3906 974 3964 in
990 3903 1074 3965 votis
1092 3900 1126 3965 dc
1162 3904 1205 3970 tio
1220 3925 1291 3970 wau
1310 3909 1349 3988 est
1364 3906 1396 3969 in
1412 3905 1522 3970 iudicio
1542 3905 1707 3980 exteriori,
1738 3904 1770 3967 iri
1788 3921 1845 3980 quo
1861 3902 1923 3963 ult·

357 3988 404 4049 ·in
423 3985 537 4066 legibus
555 4035 564 4065 ‚
580 3989 681 4049 etiam
703 3984 806 4049 lecum
824 3978 993 4060 dispensare
1012 3980 1127 4060 potest,
1166 3986 1234 4064 qais
1256 4008 1312 4052 non
1327 3986 1444 4050 amittis
1469 3985 1708 4065 separantium
1730 4003 1769 4048 ex
1797 4002 1827 4044 eo
1847 3979 1926 4058 quod

367 4085 407 4131 ut
426 4067 539 4131 docent
562 4088 637 4132 cum
663 4062 801 4131 Sanciiee
819 4064 872 4126 alii
894 4061 1071 4205 melosi·
1095 4077 1123 4140 3.
1158 4080 1254 4144 necas
1274 4112 1282 4129 .
1305 4066 1395 4131 Unde
1416 4063 1538 4129 nonest
1558 4063 1661 4129 similis
1683 4066 1765 4129 tatio
1784 4062 1923 4125 deutro·

367 4145 472 4213 Potest
499 4148 607 4223 aliquis
628 4166 679 4223 per
703 4140 944 4211 commissionem
969 4141 1127 4210 abolrere
1158 4166 1217 4224 qne
1233 4144 1319 4212 soro.
1342 4142 1480 4211 lnserrur
1496 4165 1534 4209 ex
1555 4144 1658 4223 dietis,
1678 4146 1830 4208 neminem
1851 4138 1922 4219 pos·

363 4222 421 4292 sibi
440 4229 590 4303 aqualem
607 4229 660 4292 vel
671 4226 896 4305 Superiorem,
924 4240 961 4286 ut
982 4241 1069 4300 patet
1094 4227 1136 4287 in·
1163 4226 1190 4289 se
1206 4230 1239 4289 in
1260 4231 1381 4305 propria
1395 4223 1502 4291 caussa
1519 4222 1598 4290 serre
1613 4223 1824 4301 sententiam,
1849 4236 1922 4287 tum

369 4305 559 4373 Conseil'ario
583 4328 671 4385 quem
700 4307 748 4371 libi
775 4306 860 4385 eligit
890 4306 1001 4392 Papa3
1034 4304 1072 4393 dc·
1094 4307 1136 4366 in·
1160 4308 1231 4385 quia
1262 4328 1354 4372 nemo
1392 4306 1455 4371 esse
1490 4303 1587 4383 potest
1625 4305 1717 4370 iudex
1744 4305 1924 4380 inproprie

364 4410 436 4468 cap.
464 4388 570 4454 sinuli
589 4389 630 4453 cle
648 4384 829 4474 miscuisse
857 4382 898 4452 ss
922 4382 1125 4463 remrfflonibiu
1160 4385 1285 4466 caussa,
1308 4408 1382 4452 cum
1397 4408 1489 4450 nemo
1508 4381 1598 4462 possit
1620 4386 1680 4450 else
1700 4383 1751 4449 sibi
1767 4381 1925 4457 subditus,

368 4470 547 4535 conceditur
576 4467 709 4533 facultas
740 4468 888 4542 Episcopo
918 4463 952 4531 &
985 4464 1134 4528 Praelatis'
1160 4464 1194 4531 δι
1215 4464 1253 4529 sic
1270 4485 1335 4532 non
1352 4465 1451 4545 potest
1471 4469 1531 4532 elle
1551 4464 1681 4532 asdor&
1704 4464 1825 4538 iudex,·
1854 4478 1922 4525 tum

311 4563 315 4585 ¹
369 4554 519 4626 exemptis
535 4546 665 4628 eligendi
683 4545 890 4613 Consellorem
909 4591 918 4621 ,
937 4550 987 4620 qni
1003 4563 1057 4608 eos
1071 4542 1135 4610 ab·.
1161 4550 1234 4622 quia
1248 4544 1292 4612 est
1318 4566 1426 4614 contra
1450 4551 1496 4612 ios
1525 4563 1672 4622 naturae,
1705 4542 1849 4633 eumdem
1862 4536 1923 4632 else

370 4628 471 4700 solvat
493 4627 639 4693 acasibus
659 4625 712 4691 sibi
734 4628 915 4697 reservatis,-
937 4627 1028 4703 igitur
1048 4622 1134 4686 simi·
1162 4627 1296 4692 adiutem
1319 4629 1357 4693 dr
1383 4628 1542 4704 iudicem,
1570 4632 1641 4704 quia
1668 4642 1812 4706 magnam
1840 4638 1922 4681 iniu-

370 4705 439 4774 liter
466 4709 564 4789 potesl
587 4710 732 4787 delegare
759 4707 849 4770 alteri
885 4701 1065 4769 facultatem
1089 4704 1124 4768 ad
1161 4711 1239 4771 riani
1254 4708 1345 4772 alteri
1362 4708 1441 4783 parti
1460 4711 1628 4785 irrogaret.
1646 4708 1683 4771 L.
1701 4703 1789 4770 unica
1802 4716 1922 4777 capnt

369 4789 527 4855 serendam
550 4808 660 4854 contra
694 4783 724 4852 se
751 4782 942 4867 censuram,
969 4782 990 4847 fi
1012 4786 1043 4845 in
1064 4783 1125 4848 tale
1161 4787 1229 4867 qais
1248 4788 1281 4851 irs
1295 4788 1353 4869 jasa
1369 4783 1478 4868 cauffo.
1498 4785 1590 4850 Unde
1607 4786 1758 4864 sequitur·

367 4875 480 4936 crimen
499 4870 628 4935 incidat.
1201 4885 1246 4948 3.--
1265 4869 1316 4934 nd
1346 4869 1542 4934 validitatem
1571 4864 1706 4931 censurae
1730 4884 1795 4931 non
1825 4859 1921 4925 solum

359 4966 362 4975 '
407 4949 498 5031 terp.
518 4950 657 5016 adim
674 4950 715 5013 D.
734 4946 859 5011 Thoma
875 4945 947 5011 loeo
965 4943 1059 5018 naulo
1074 4964 1126 5009 an·
1162 4945 1343 5014 necesseest
1363 4965 1478 5013 utnon
1495 4946 1616 5011 seratur
1636 4951 1667 5007 in
1687 4949 1837 5024 propriam
1855 4959 1922 5017 per·

371 5050 404 5097 te
421 5036 497 5099 cir.
522 5034 581 5097 uod
604 5028 882 5097 exconmunicatio
903 5021 1059 5102 profertur
1075 5043 1128 5101 per
1165 5027 1302 5106 soriam,
1330 5025 1381 5093 sed
1405 5029 1568 5105 nequidem
1592 5030 1625 5090 in
1652 5032 1776 5103 propria
1802 5021 1920 5090 caussa·

367 5118 489 5191 nodum
538 5115 673 5180 ntentiae
686 5159 695 5190 ,
710 5129 803 5189 quan
814 5106 919 5173 nulus
933 5101 1015 5177 inse
1032 5099 1129 5182 insum
1164 5106 1207 5175 Er
1227 5129 1256 5173 1.
1276 5108 1353 5188 quia
1366 5128 1388 5174 a
1401 5107 1493 5175 ‘sacris
1509 5106 1633 5246 Regulg
1652 5104 1684 5169 id
1705 5110 1843 5176 vetitum
1860 5098 1924 5176 ests

1671 5207 1691 5267 4
1849 5196 1887 5243 ut
