4584 5992
711 556 1583 633 nchntsunrtCamll.
1807 585 1882 657 tro

382 655 481 726 nodo
499 674 569 723 cum
587 652 654 720 allis
676 676 685 733 ;
703 660 772 735 qnia
794 658 917 724 videtur
946 656 1137 722 materiale·
1171 651 1221 720 fiae
1237 654 1398 734 ministris,
1420 673 1454 720 ut
1473 658 1567 723 trtdit
1583 659 1658 725 Yvo
1676 657 1868 727 Cernotenlrs
1880 664 1928 728 Ε·

384 744 432 805 vis
450 787 460 816 ,
479 735 513 804 ἀ
535 736 573 803 stc
593 733 631 800 ob
648 741 833 813 parvitatem
855 742 994 803 materiae
1012 735 1136 802 excusa·
1173 735 1236 815 pili.
1259 736 1327 798 186.
1346 737 1377 801 A
1397 736 1516 801 fortiori
1537 739 1632 803 validi
1648 738 1716 805 lunt
1733 743 1784 806 alii
1798 741 1927 809 'contra-

383 836 436 885 tut
457 838 475 882 a
496 835 621 893 peccato
641 822 745 896 gravi,
761 838 796 883 ut
817 822 906 884 docet
926 818 964 881 D.
982 818 1092 881 Thom.
1105 821 1137 879 in
1170 816 1231 881 ilus
1259 838 1270 885 ‚·
1293 832 1367 893 puta
1390 821 1587 897 emptiones,
1611 822 1805 900 venditiones
1832 824 1894 890 &o
1918 871 1934 904 ,

382 924 410 976 a„
433 896 499 962 dili.
524 896 569 960 18.
587 919 613 973 q.
631 915 659 960 a.
679 917 735 963 att.
758 915 806 979 3.,
828 901 861 965 &
878 897 917 962 lrc
938 900 1139 975 aliiquoque.
1172 901 1247 961 item
1267 893 1449 963 testamenta
1466 945 1476 975 ,
1495 898 1549 962 nist
1570 916 1674 965 tamen
1694 899 1925 968 batabexcom·

383 977 1136 1059 Verumtamenntsllumincurtetpeccatumcom·
1171 979 1340 1041 munitatis
1365 992 1489 1054 propter
1515 978 1651 1044 baerelim
1671 1030 1687 1058 ,.
1708 982 1758 1045 vel
1780 983 1926 1046 Cardina·

380 1058 567 1123 munictndo
585 1079 654 1121 cum
683 1058 878 1123 infidelibus·
905 1063 976 1135 quia
1005 1056 1138 1121 Ecclesia
1172 1057 1246 1121 lium
1266 1053 1489 1134 percullionen.
1510 1058 1550 1122 Et
1564 1058 1727 1125 secundum
1742 1061 1933 1136 probabilio-

379 1137 502 1214 lepatat
521 1141 800 1203 excommunicatos
822 1106 1137 1204 oblocutionum·
1172 1157 1262 1215 tem,
1275 1158 1368 1214 quam
1381 1152 1467 1202 tenet
1487 1138 1606 1202 Sueten·
1621 1188 1629 1212 ,
1642 1140 1742 1205 valida
1767 1134 1837 1205 lunt
1858 1141 1924 1207 aste

379 1217 496 1283 delium
516 1240 581 1294 cap.
602 1220 705 1283 Omnis
724 1218 926 1303 vaijlr'anus,
943 1241 1007 1298 cap.
1028 1218 1137 1299 Eogel·
1170 1217 1381 1282 ereberrime
1391 1217 1677 1297 vitandoconleila,
1696 1224 1767 1297 qnia
1784 1222 1848 1286 alla
1859 1222 1928 1287 bec

381 1297 505 1365 trudam
526 1311 574 1375 302
597 1322 624 1376 q.
645 1322 673 1378 4.
1145 1370 1147 1375 ,
1171 1297 1220 1362 vel
1243 1297 1359 1361 nullam
1377 1300 1500 1372 proprie·
1525 1299 1701 1378 loquendo,
1733 1301 1783 1366 vel
1813 1300 1929 1365 saltem-

418 1381 552 1443 Pectant
587 1380 745 1444 lecundum
776 1380 879 1447 citare
905 1381 971 1445 iura
1001 1378 1138 1454 fideles,
1171 1375 1721 1443 Eccleliallicamintisdiiiionemnon
1739 1380 1928 1456 supponunt.-

379 1461 428 1538 qui
452 1481 524 1522 cum
545 1456 607 1535 ipso
622 1466 889 1526 excommunicato
905 1466 1135 1525 communicant
1210 1458 1498 1522 Etcommunicatus
1514 1456 1576 1523 live
1590 1461 1756 1540 vitandus,
1775 1460 1930 1538 livenon,

379 1538 620 1604 inhumanis&
639 1540 800 1618 civilibus,
823 1545 979 1618 praecipue·
990 1542 1011 1603 li
1032 1544 1135 1605 vitan·
1168 1557 1213 1601 ertv
1225 1541 1298 1601 iure
1310 1543 1463 1600 communi
1484 1541 1624 1615 privatur
1643 1544 1929 1605 communicatione

378 1619 432 1681 dus
455 1615 511 1694 stt,
532 1620 649 1683 temetsi
670 1628 896 1687 communicent
913 1641 989 1684 tum
1008 1621 1063 1684 illo
1082 1638 1134 1684 ex·
1169 1639 1240 1681 cum
1259 1618 1328 1681 aliis
1347 1614 1489 1680 fidelibus
1516 1620 1611 1682 etiam
1640 1624 1672 1682 in
1698 1619 1864 1684 adlionibus
1888 1620 1923 1685 ἀ

380 1711 428 1764 tra
447 1703 657 1777 territorium,
679 1704 710 1763 in
727 1722 786 1778 quo
808 1699 869 1766 fuit
891 1704 1135 1766 excommunico
1170 1697 1287 1761 iudiciis
1308 1693 1492 1775 forensibus,
1525 1701 1568 1764 ita
1590 1716 1629 1762 ut
1643 1719 1778 1775 nequeat
1793 1702 1854 1763 ell'e
1876 1703 1926 1765 itt·

380 1791 453 1857 tus3
475 1782 546 1855 quia
567 1776 681 1855 semper
710 1781 811 1845 lecum
841 1779 900 1845 lert
928 1783 1136 1845 exeommuni·
1168 1777 1248 1855 dex,
1266 1777 1366 1852 adlot,
1387 1778 1579 1857 advocatus,
1593 1778 1678 1843 tellis
1694 1827 1709 1857 „
1723 1798 1929 1857 procurator,

379 1860 549 1937 catiorte'm,
569 1859 606 1924 ἕ(
623 1862 708 1941 illius
725 1860 848 1924 effedltts
870 1910 879 1937 ,
908 1861 1052 1937 quamdiu
1073 1881 1140 1924 non*
1168 1856 1252 1932 &t.,
1268 1876 1324 1919 nec
1340 1854 1446 1919 solum
1458 1876 1497 1921 ert
1518 1860 1649 1935 generali
1668 1859 1758 1936 lege,
1774 1880 1834 1935 qut
1854 1880 1929 1936 pto·

380 1933 581 2002 absolvitur:
608 1940 705 2005 lmmo
728 1941 762 2006 ἀ
793 1939 896 2003 fideles
926 1960 988 2003 non
1025 1940 1134 2005 l'ubditi
1172 1936 1625 2002 hibetutcommunicatecum
1647 1940 1801 2021 aliis,led
1824 1942 1931 2003 etiem

381 2012 554 2094 Episcopo,
583 2021 616 2085 ὅ(
646 2024 697 2081 ille
724 2039 849 2097 quoque·
867 2017 1058 2099 Episcopus,
1081 2024 1132 2097 qui
1170 2018 1342 2159 lpeciflitec
1368 2015 1582 2106 capisterium
1609 2018 1645 2081 dc
1671 2016 1823 2098 testibus,-
1854 2039 1922 2095 cap.

381 2116 442 2172 pon
461 2098 911 2177 tulitertcommuntcationem,
933 2122 992 2163 non
1014 2101 1134 2176 poliunt
1170 2100 1228 2160 Pto
1296 2095 1483 2171 excepllonll'·
1501 2097 1590 2160 Unde
1610 2101 1892 2162 excomunica&
1914 2145 1930 2174 r

380 2196 449 2241 tum
473 2174 536 2253 ipso
556 2179 698 2243 civiliter
708 2185 954 2244 communitate.
973 2181 1087 2246 Verum
1103 2182 1133 2243 bi
1168 2177 1206 2240 de
1225 2181 1312 2240 cuius
1332 2181 1660 2243 excommunicatione
1677 2179 1777 2254 palam
1790 2176 1921 2254 conllet,

379 2260 495 2332 pariter
519 2305 528 2333 ,
552 2276 684 2332 excepto
712 2258 852 2323 scandalo
867 2261 901 2324 ἃ
923 2279 1102 2339 contemptu
1124 2312 1135 2339 ,
1169 2254 1236 2319 lile
1256 2260 1390 2334 ingerere
1406 2257 1485 2321 velit
1507 2262 1539 2320 in
1560 2258 1691 2334 iudicio,
1712 2278 1822 2320 munus
1841 2254 1922 2320 ailo·

380 2338 516 2401 civiliter
544 2340 801 2402 communicando
826 2358 892 2404 noo·
919 2360 1053 2417 peccant
1079 2342 1132 2405 nist
1170 2339 1243 2413 tis,¹
1265 2336 1399 2413 iudicis,
1419 2335 1529 2415 tellis,
1558 2338 1702 2402 advocati
1721 2337 1891 2400 exercendo
1911 2386 1928 2414 ,

379 2416 545 2481 venialiter
561 2417 599 2481 ob
616 2421 805 2495 parvitatem
825 2424 982 2484 materiae.
1015 2421 1059 2486 Ea
1082 2443 1133 2486 ve·
1168 2433 1257 2478 extra
1274 2417 1362 2480 calus—
1379 2437 1402 2479 a·
1417 2418 1485 2480 iure
1504 2436 1647 2492 exceptos
1668 2436 1779 2494 peccat
1805 2435 1922 2480 morta·

379 2512 440 2573 to,
454 2499 486 2560 in
507 2496 618 2594 quibus-
641 2519 703 2563 non
726 2498 799 2564 leet
820 2504 1047 2564 communicate
1065 2524 1134 2566 cum
1171 2496 1262 2570 liter,
1281 2492 1314 2559 &
1332 2493 1432 2587 potest
1445 2497 1595 2575 excludi,
1618 2502 1689 2573 quia
1719 2516 1810 2557 nemo
1835 2514 1924 2584 tenc·

378 2582 642 2640 excommunicato
664 2577 1059 2658 inadlionibuscivilrbus,
1079 2583 1135 2646 boc
1171 2593 1223 2636 tur
1248 2595 1317 2636 cum
1347 2575 1401 2636 tllo
1427 2582 1680 2640 communicate:
1714 2575 1810 2638 lmmo
1836 2578 1855 2635 lt
1876 2574 1920 2637 cst

382 2654 472 2720 versu
488 2660 690 2721 continentur
708 2701 723 2718 ,ψ
1172 2655 1351 2730 vitandus,
1375 2673 1436 2716 non
1453 2653 1547 2717 solum
1571 2654 1690 2737 potest,
1711 2660 1810 2717 immo·
1832 2654 1925 2718 debet

1170 2732 1289 2794 excludi
1322 2751 1427 2808 aperte
1458 2733 1497 2796 ab
1529 2735 1598 2809 iplo·
1613 2738 1709 2799 iudice
1730 2755 1770 2797 cx
1789 2731 1893 2799 officio
1910 2781 1925 2811 ,.

1170 2830 1245 2887 quta
1260 2832 1370 2874 omnes
1381 2829 1529 2877 tenentur
1544 2836 1607 2877 non
1616 2836 1841 2880 communitate
1851 2836 1921 2878 cum

416 2882 456 2943 Os
488 2881 637 2959 significat
660 2887 866 2963 colloquium,
886 2889 1087 2972 allocutiones
1099 2890 1135 2951 st·
1172 2891 1254 2966 iplo‚
1276 2890 1310 2955 dc
1329 2890 1398 2954 talis
1414 2896 1557 2970 exceptio
1576 2893 1641 2958 freti
1659 2894 1755 2971 potest
1773 2898 1807 2958 in
1820 2893 1921 2970 quali·

376 2977 417 3022 ve
439 2963 584 3053 nutibus,
608 2959 676 3056 'slve
699 2967 817 3054 verbo,
846 2965 917 3053 slve·
939 2972 1077 3047 lcripto,
1101 2970 1134 3034 ἀ
1168 2969 1221 3033 bet
1237 2990 1324 3046 patte
1344 2971 1473 3051 iudicii,
1493 2972 1528 3038 ἀ
1548 2979 1578 3037 in
1601 2971 1665 3051 ipla·
1682 2974 1865 3052 sententia,
1885 2972 1920 3040 ἃ
1968 3030 1971 3036 ,

376 3057 495 3113 quaevrs
525 3047 669 3107 annertiae
700 3048 720 3105 lt
742 3064 802 3124 na,
822 3064 858 3108 ut
879 3046 1132 3127 olcula,ample·
1169 3051 1310 3126 ante,dt
1332 3049 1467 3128 poll,ut
1489 3054 1668 3118 babeturin
1688 3053 1765 3120 disto
1785 3075 1849 3130 cap
1861 3051 1922 3117 Pia·

377 3137 433 3209 trus
446 3119 517 3211 bct.
538 3124 645 3198 Orare,
665 3065 742 3185 idel
754 3129 992 3190 communicatio
1014 3132 1044 3190 in
1064 3149 1132 3192 ora·
1167 3130 1204 3193 de
1223 3129 1381 3209 exception.
1413 3137 1445 3194 in
1473 3136 1503 3196 6.
1535 3134 1591 3198 ubi·
1614 3132 1800 3209 ali'tentntut
1823 3137 1923 3199 etiam

377 3197 541 3291 tionibus,
564 3200 601 3264 dt
625 3204 739 3267 divinit
766 3203 890 3271 officiis.
912 3206 982 3272 Vale
1005 3209 1133 3273 denotat
1167 3212 1358 3274 conditiones
1375 3212 1411 3274 ad
1433 3213 1519 3279 illam
1540 3212 1717 3290 requlsltae,
1748 3214 1781 3278 bc
1812 3216 1921 3288 praeci·

378 3272 593 3368 lalutattonem
609 3280 793 3372 urbanitatis
809 3334 816 3362 ,
830 3287 943 3364 verbo,
961 3307 1061 3364 nutu,
1077 3307 1132 3353 aut
1169 3312 1244 3368 pue,
1264 3308 1302 3353 ut
1316 3295 1395 3354 intra
1416 3292 1486 3354 otto
1506 3294 1594 3356 dieta
1610 3291 1746 3369 deposita
1762 3295 1920 3365 exceptio·

378 3354 435 3419 alto
454 3354 555 3435 signo.
577 3363 767 3442 Commutato,
786 3363 860 3428 idest
874 3370 975 3429 omnis
994 3366 1133 3446 societas,
1168 3390 1208 3432 ne
1235 3369 1440 3446 exprimendae
1467 3371 1503 3434 lit
1534 3374 1642 3448 lpecies
1678 3373 1929 3434 excommunica*-

378 3453 442 3507 quae
467 3435 598 3502 habetur
628 3444 659 3503 in
679 3449 835 3508 communi
853 3445 1069 3524 habitatione,
1101 3453 1136 3509 in
1169 3451 1285 3526 tionis,
1310 3448 1343 3513 dc
1363 3449 1463 3511 cautla
1488 3471 1580 3524 quare
1610 3468 1758 3525 exceptus
1787 3470 1855 3513 eam
1873 3452 1921 3510 in·

378 3517 599 3606 contnilibus,
614 3526 772 3603 negotiis,
800 3522 834 3589 ἀ
857 3524 925 3589 aliis
945 3525 1131 3605 actionibus,
1168 3533 1322 3607 currerit,
1338 3548 1378 3591 ne
1395 3529 1557 3605 aliquando
1577 3577 1587 3606 ,
1618 3532 1662 3594 ait
1687 3529 1810 3604 Glolla,
1830 3529 1920 3593 mali.-

379 3606 422 3658 tta
442 3605 555 3691 utnon
579 3601 670 3664 liceat
689 3620 759 3667 cttm
774 3622 812 3668 eo
832 3606 1032 3684 contrahere,
1054 3607 1133 3670 labo·
1169 3609 1244 3674 tiole
1264 3611 1300 3669 in·
1315 3628 1481 3687 gravamen
1498 3609 1605 3674 iudicii
1625 3628 1827 3687 apponatur,

376 3683 465 3752 tare,
484 3691 542 3763 rtet
563 3675 897 3760 facere,.autquodvis³
913 3706 991 3762 opus
1011 3684 1132 3764 praella·
1157 3704 1159 3707 ’
1207 3687 1308 3752 Validi
1330 3706 1432 3752 tarnen
1454 3684 1528 3753 sunt
1553 3689 1640 3753 adlus-
1661 3689 1767 3752 iudicis
1795 3706 1919 3752 excom·

377 3765 435 3816 re·
461 3752 714 3848 Mensaindicat
746 3782 873 3827 omnem·
897 3764 1071 3831 convitium
1099 3765 1132 3831 &
1168 3770 1344 3846 municeti,
1375 3766 1396 3831 li
1422 3766 1457 3833 sit
1487 3769 1666 3843 toleratus,
1694 3787 1733 3832 ut
1762 3786 1848 3844 patet
1878 3785 1923 3828 ex

370 3845 548 3929 convivia:
563 3834 694 3904 Ecclesia
716 3860 827 3911 utpote
846 3850 1053 3910 communiter
1068 3864 1132 3922 per·
1167 3846 1398 3930 Constitutione
1414 3848 1544 3912 Martini
1563 3850 1601 3911 V.
1622 3850 1824 3915 Advitanda
1833 3844 1922 3925 scen·

369 3908 450 4007 l‘sta
466 3932 570 3981 utitut
589 3917 724 3998 suprema
747 3917 799 3986 sua
819 3922 981 4002 pottllate,
1001 3946 1058 4000 qua
1071 3924 1133 4002 pol·
1168 3930 1256 4002 dela,
1273 3927 1355 3990 letus
1371 3948 1447 3992 veto
1463 3927 1482 3993 li
1505 3949 1566 3992 non
1586 3927 1623 3992 stt
1641 3930 1791 3994 toleratus
1812 3948 1825 4001 3.
1844 3922 1919 4004 idest

375 3989 419 4060 let
442 4013 474 4058 tn
497 3991 570 4061 suot·
581 3994 714 4064 subditos
730 4050 745 4080 ,.
772 3999 954 4084 segregando
974 4004 1133 4079 obsequen·
1168 4007 1205 4072 lrt
1227 4011 1411 4071 nominatim
1427 4009 1627 4071 denuntiatus
1643 4029 1707 4078 cap.
1724 3998 1920 4084 adprobanti.

373 4088 421 4137 tet
442 4093 464 4139 t<
481 4074 640 4168 consortio
656 4100 790 4158 eorum,
810 4090 860 4159 qui
891 4083 964 4148 sunt*
982 4083 1107 4148 rebelles
1125 4133 1134 4159 ,
1169 4088 1334 4164 Exttavag.
1352 4086 1389 4149 de
1405 4098 1435 4150 rt
1447 4088 1604 4169 judicata,
1625 4084 1664 4152 bc
1678 4085 1787 4150 Glolla
1800 4090 1836 4147 io·
1851 4102 1928 4158 cap.

366 4167 412 4236 rte
444 4153 650 4222 calterimine
669 4160 872 4240 inficiantur,
896 4162 929 4228 dc
958 4182 992 4227 ut
1014 4161 1130 4240 ipltte-
1168 4164 1432 4230 illunis-sententis
1449 4162 1920 4240 puhliceexcommunicatinul·

359 4227 475 4326 belles
489 4251 582 4303 tento
600 4243 695 4319 niagis
710 4242 921 4308 erubel'centts
945 4245 1037 4307 citius
1065 4239 1136 4308 telt-
1156 4248 1198 4314 ¹ln
1226 4244 1267 4309 ell
1287 4240 1396 4322 ,quia
1416 4243 1569 4309 sententia
1585 4247 1652 4313 lata
1664 4241 1921 4311 stneiotildt'etio·

371 4305 514 4409 piscant,
535 4333 575 4382 ac
588 4320 650 4385 tali
666 4322 816 4398 exemplo
833 4324 890 4387 elii·
908 4339 1104 4388 terreantur.
1169 4346 1226 4400 ne,
1248 4343 1334 4390 caret
1350 4320 1478 4388 effeflu.
1839 4397 1843 4404 ,

413 4390 517 4458 Valtdi
539 4414 642 4463 tamen
663 4399 738 4467 sunt
763 4400 941 4470 contentius»
956 4404 993 4466 ab
1013 4423 1132 4467 excom·
1209 4409 1341 4470 Peccant
1361 4401 1487 4479 fideles,
1506 4405 1610 4481 quiin
1631 4404 1798 4470 adliooibus
1818 4398 1924 4466 foren-

371 4476 532 4542 mulcato
550 4482 646 4543 etiam
667 4482 796 4546 vitando
815 4478 881 4548 saar
905 4534 914 4561 ,
943 4501 1053 4559 utpote
1081 4489 1133 4561 qui
1169 4485 1245 4550 sibus
1255 4485 1483 4549 communicant
1498 4505 1569 4549 cum
1584 4488 1925 4567 excommunitatonon

371 4546 462 4618 flant
476 4571 520 4619 ex‘
537 4552 678 4625 consensu
691 4608 700 4637 ,
715 4582 806 4638 quem
827 4564 912 4630 nulla
933 4562 985 4628 lert
1000 4564 1135 4642 irritat,
1170 4567 1304 4631 tolerato
1326 4612 1335 4640 ,
1365 4584 1429 4628 non
1461 4582 1536 4629 veto
1560 4563 1582 4625 st
1605 4586 1675 4629 cum
1696 4562 1832 4627 tolerato
1852 4581 1862 4633 ς
1886 4558 1924 4624 dt

415 2770 456 2828 Οἱ
470 2788 568 2842 ,orare
579 2772 668 2844 ,vale
679 2773 859 2847 ,communio
870 2769 988 2851 ,menso
1001 2787 1133 2852 negatur.

473 4635 576 4715 ‘¹08ss
596 4639 764 4720 23⁰0st¹1⁰¹
787 4636 1033 4721 leu'tpprobant
1053 4687 1061 4704 ·
1084 4642 1133 4708 Sic
1169 4646 1226 4709 boc
1255 4644 1355 4721 quoad
1387 4660 1552 4719 utrumque
1582 4643 1702 4708 constat
1727 4660 1767 4703 ex
1797 4638 1922 4700 laudate
2019 4709 2021 4716 Ι

372 4713 484 4779 valete
499 4714 699 4797 declarantur
713 4725 849 4797 receptio
865 4724 984 4787 habitus
996 4722 1137 4801 Religiosr
1169 4719 1402 4791 Constitutione
1419 4722 1472 4786 Ad
1484 4723 1615 4787 vitanda
1624 4719 1782 4800 scandala,
1803 4720 1873 4791 quia
1889 4718 1924 4776 in

373 4811 405 4859 c.
423 4805 478 4874 38·
498 4795 543 4862 de·
565 4790 692 4879 senum.
726 4821 936 4880 excommun,
963 4801 1042 4879 quod
1069 4806 1134 4867 iure
1170 4809 1259 4871 'nea
1279 4802 1456 4867 conceditur
1471 4800 1610 4866 fidelibus
1627 4800 1820 4879 privilegium
1837 4814 1918 4858 com·

354 4883 441 4939 'nott
462 4875 618 4945 refille'nte
637 4883 764 4947 extendi
784 4882 885 4959 potell
903 4886 1002 4947 etiam·
1018 4881 1134 4956 adpro·
1171 4882 1343 4949 municandi
1361 4882 1573 4947 tantummodo
1592 4903 1664 4947 cum
1676 4878 1927 4945 excommunita-

358 4949 886 5044 ‘feffionem5donatiot.vbnttio·,
904 4951 1135 5040 quamvlselee·
1172 4984 1206 5029 to
1228 4962 1383 5027 tolerato·
1826 5035 1838 5049 .
1892 5034 1899 5046 ,

375 5033 542 5135 molynas,
559 5040 771 5113 oblationesve
788 5036 885 5108 fatias.
907 5042 945 5109 ab
958 5062 1135 5108 excmnrnn·
1210 5044 1333 5107 Dantur
1347 5044 1445 5105 etiam
1464 5040 1588 5118 quidem
1603 5034 1691 5101 calttt
1714 5049 1862 5111 excepti,
1890 5051 1925 5095 tn

377 5119 486 5185 niceto
504 5123 637 5187 vttartdo
656 5126 794 5203 recipere
811 5128 947 5191 vetitum
974 5122 1012 5188 stt
1032 5119 1135 5189 little-
1171 5122 1281 5203 quibuv
1301 5127 1367 5187 iura
1389 5124 1575 5241 permittunt
1586 5119 1925 5275 §quntumeategum
