4584 5992
512 507 1529 584 neDanaae-rsProrosrrrorranr.
1676 501 1752 602 465

251 616 332 684 liter
348 611 577 686 derelinquere,
602 607 638 672 dt
654 605 750 684 potest
771 625 947 682 permanere
966 625 1017 668 ve·
1052 599 1133 666 asina
1152 607 1277 674 proprie
1297 601 1466 664 voluntaris
1482 599 1697 679 &ciceronio
1714 605 1746 666 ἁ
1763 597 1807 668 est

250 701 305 762 lut
326 714 435 770 corpus
456 693 620 753 exanime.
968 717 971 724 ·
1053 682 1152 752 velle,
1174 679 1252 756 quod
1268 685 1372 746 divina
1390 682 1534 744 voluntas
1554 683 1664 748 notlrae
1685 677 1809 746 consors

299 791 328 856 3.
346 775 430 836 Vota
450 771 486 833 de
503 769 605 842 aliquo
625 760 764 831 faciendo
782 763 1018 841 sanrpcrfcttio·
1050 781 1171 836 metor,
1192 759 1225 824 dt
1247 781 1306 823 non
1327 765 1404 836 quod
1428 758 1528 824 nntlra
1549 761 1679 826 divina.
1708 759 1747 822 Er
1770 761 1809 823 r'l·

258 859 308 920 nis
327 853 530 926 impeditiva.
960 857 964 864 ·
1053 841 1104 904 lud
1124 839 1202 902 Erat
1233 841 1281 901 eiii
1295 889 1303 915 ,
1316 843 1426 918 petite,
1447 837 1488 904 θ’
1502 839 1669 918 accipietis,
1692 839 1809 904 nonest

298 957 328 1014 4.
351 930 506 996 Allivitas
526 925 677 990 naturalis
693 924 735 988 eil
753 926 861 1004 gratiae
879 925 1019 1000 inimica,
1052 919 1161 983 dreini-n
1178 863 1331 982 'tauma
1347 941 1400 996 pro
1411 920 1566 984 animabus
1580 925 1727 998 internis,
1742 939 1809 998 quae

259 1014 444 1088 impediique
464 1009 521 1068 Dei
541 1008 752 1082 operationes,
772 1004 806 1068 dt
821 1023 928 1070 verani
952 1025 1016 1078 per·
1053 999 1164 1064 nolunt
1183 999 1291 1060 nabere
1309 1000 1523 1062 voluntatem.
1543 999 1640 1065 lnrrno
1662 1004 1809 1064 lrnrutmo·

255 1091 424 1158 {astionem
443 1137 451 1162 ‚
470 1091 542 1164 qnia
561 1085 642 1149 Deus
659 1087 780 1162 operari
804 1083 917 1148 vultin
935 1083 1019 1146 nobis
1053 1083 1082 1138 di
1099 1079 1209 1142 animae
1227 1099 1264 1142 eo
1286 1083 1489 1154 perveniunt.
1511 1097 1625 1144 tit-non
1652 1079 1760 1158 potsrnt
1791 1097 1810 1143 a

255 1171 322 1237 sine
344 1171 447 1232 nobis.
1052 1161 1120 1222 Deo
1142 1180 1206 1220 reor
1223 1157 1352 1232 aliquam
1368 1177 1491 1221 uetere.

303 1273 329 1330 5.
350 1249 435 1312 Nihil
457 1244 612 1322 operando
633 1249 732 1307 anima
748 1241 778 1304 se
796 1242 966 1320 annihilat,
986 1241 1019 1306 dt
1097 1259 1142 1314 ιι.
1161 1239 1243 1301 Sicut
1263 1259 1323 1300 non
1345 1239 1455 1302 denent
1473 1257 1490 1298 a
1511 1237 1576 1302 Deo
1592 1259 1655 1304 rem
1677 1233 1811 1318 aliquam

260 1333 299 1398 ad
318 1333 414 1405 ipsum
430 1323 729 1402 principium-cedro
748 1321 783 1388 ἀ
802 1323 838 1386 ad
858 1319 942 1386 suam
961 1327 1019 1384 ori·
1055 1339 1176 1397 petere,
1198 1337 1241 1382 ita
1264 1337 1318 1382 nec
1340 1319 1383 1382 iili
1405 1317 1525 1380 obrem
1547 1319 1680 1394 aliquam
1696 1325 1813 1400 gratian

259 1415 384 1490 pinam,
402 1427 470 1484 qnae
486 1405 528 1466 esi
545 1405 672 1466 cilentio
690 1403 765 1477 Dei,
786 1407 816 1463 in
833 1423 893 1476 qua
920 1421 1019 1464 tranr—
1055 1419 1141 1478 agere
1159 1397 1287 1472 tibear,
1307 1403 1376 1473 quia
1395 1413 1561 1472 utrumque
1573 1399 1625 1462 til
1642 1399 1722 1466 attus
1743 1421 1813 1478 pro-

259 1489 394 1556 sormeta
419 1503 580 1558 remanet,
604 1505 639 1545 ac
663 1483 851 1557 divininata,
869 1479 912 1544 ,ἃ
930 1481 1021 1544 'Dens
1056 1485 1129 1554 ptiae
1149 1482 1343 1540 voluntatis.

260 1591 336 1638 enne
359 1572 390 1630 in
411 1564 504 1639 scipso
520 1577 677 1626 remanet:
695 1565 765 1636 qnia
784 1581 858 1624 runc
878 1563 1020 1624 nonlirnt
1097 1561 1143 1619 16.
1167 1558 1240 1619 Non
1265 1561 1413 1621 convenit
1443 1555 1652 1634 Indulgentiae
1676 1579 1813 1637 querere

260 1649 390 1722 amplius
415 1647 482 1708 duae
505 1664 553 1706 res
575 1646 689 1718 unite,
718 1643 765 1702 led
797 1661 858 1702 una
880 1657 1019 1704 tantun:
1057 1661 1109 1714 pro
1126 1655 1216 1714 poena
1235 1641 1358 1712 propriis
1376 1659 1506 1714 peccaris
1522 1638 1644 1710 debita;
1666 1645 1737 1718 quia
1754 1661 1815 1705 mc-

260 1733 296 1796 &
316 1727 372 1790 bac
389 1729 508 1788 ratione
527 1722 609 1784 Deus
632 1723 734 1795 vivit,
750 1719 784 1782 dt
801 1737 906 1796 regnat
925 1724 954 1780 in
966 1741 1020 1782 no·
1059 1719 1116 1780 lior
1136 1716 1177 1779 eil
1203 1717 1316 1780 divinae
1348 1715 1470 1782 iullitrae
1496 1715 1696 1796 satisfacere,
1723 1741 1816 1796 quam

261 1809 325 1884 bis,
345 1807 378 1871 tt
399 1808 500 1868 anima
516 1798 638 1877 seipsam
655 1798 810 1862 annihilat
827 1803 860 1859 in
874 1799 935 1862 esse
949 1819 1022 1874 ope·
1057 1797 1194 1860 divinam
1218 1794 1456 1861 Misericordiam
1476 1819 1635 1876 quaerere5
1669 1804 1816 1874 quoniam

263 1893 389 1954 rativo.
518 1945 522 1954 ,
1058 1876 1133 1940 illud
1153 1894 1192 1938 ert
1214 1897 1289 1952 puro
1312 1877 1367 1937 Dei
1387 1899 1489 1940 amore
1511 1877 1666 1954 procedit,
1687 1877 1816 1944 &istud

303 1969 333 2030 6.
357 1963 416 2028 Via
438 1965 561 2026 interna
575 1957 678 2022 eslilla
693 2006 701 2033 ,
718 1964 777 2034 qu'a
794 1977 854 2020 non
870 1955 1023 2034 cognosci·
1059 1956 1095 2018 ab
1116 1975 1217 2018 amore
1239 1955 1329 2017 nolin
1347 1961 1547 2036 interellato,
1569 1978 1624 2020 nec
1635 1955 1679 2020 eil
1693 1979 1737 2020 res
1748 1959 1817 2024 Deo

262 2065 317 2112 tnr
337 2065 392 2108 nec
412 2042 532 2116 lumen,
554 2059 735 2110 necamur,
764 2057 820 2100 nec
844 2035 1024 2114 resignatio,
1058 2053 1164 2114 grat-a,
1186 2056 1238 2096 nec
1259 2041 1437 2116 meritoria,
1467 2045 1543 2115 quia
1573 2037 1616 2099 est
1642 2039 1727 2101 velle
1751 2061 1817 2104 cru·

264 2127 298 2194 ἃ
315 2147 377 2189 non
389 2137 514 2198 oportet
527 2119 628 2180 Deum
637 2119 837 2196 cognoscere,
853 2115 885 2181 d<
896 2117 950 2180 hoc
961 2137 1024 2179 mo·
1058 2137 1125 2180 cem
1143 2108 1266 2180 lucere.

265 2209 306 2270 do
328 2202 405 2270 celle
427 2199 617 2277 proceditur.
1101 2211 1146 2270 17.
1172 2175 1304 2257 Tradiro
1320 2195 1386 2259 Deo
1406 2197 1498 2260 libero
1519 2197 1819 2275 arbitrio,&eidem

268 2329 272 2336 -
305 2305 334 2365 7.
356 2283 430 2345 Non
447 2277 536 2342 debet
557 2281 656 2338 anima
672 2277 808 2354 cogitare
828 2294 884 2338 nec
901 2276 937 2338 de
949 2295 1024 2350 prae·
1060 2270 1530 2352 relrslacura,&cogitatione
1551 2282 1660 2342 animae
1687 2278 1816 2358 noslrae,

264 2371 349 2444 mio,
370 2383 425 2424 nec
445 2359 483 2422 de
510 2360 691 2434 punitione,
718 2377 777 2419 nce
802 2353 840 2418 de
866 2355 1027 2432 Paradiso‚
1062 2374 1123 2414 non
1144 2351 1187 2414 eil
1206 2355 1331 2428 arriplrus
1350 2356 1484 2420 habenda
1494 2360 1820 2436 ratiotcntationunr;

264 2465 322 2508 nec
338 2443 376 2506 de
393 2437 533 2514 inferno,
553 2457 609 2500 nec
626 2436 789 2512 demorre,
811 2453 865 2499 nec
874 2433 910 2498 de
921 2433 1028 2498 AEter-
1061 2451 1117 2494 nec
1139 2435 1183 2492 eis
1206 2435 1262 2496 alia
1287 2431 1455 2500 reritirnria
1475 2433 1540 2497 lieri
1561 2435 1673 2514 debet,
1693 2438 1747 2500 nrsr
1769 2459 1822 2502 ne·

265 2528 389 2588 nitate·
1061 2513 1191 2590 gaillia,
1213 2515 1297 2578 nulla
1319 2512 1453 2580 adhibita
1472 2514 1639 2596 industria,
1660 2515 1735 2580 &si
1765 2539 1822 2582 na-

307 2603 336 2665 8.
360 2602 435 2664 Non
457 2595 546 2660 debet
567 2595 649 2658 velle
679 2593 775 2674 scire,
801 2615 840 2656 an
873 2591 1029 2671 gradiatur
1063 2609 1134 2656 tura
1151 2609 1380 2669 commovetur,
1397 2614 1521 2672 oportet
1538 2595 1655 2672 sinere,·
1672 2612 1707 2660 ut
1737 2617 1821 2662 cona-

265 2705 337 2757 cuni
353 2681 518 2744 voluntate
537 2675 614 2748 Dei,
641 2693 770 2736 ancum
795 2673 897 2736 eadem
918 2673 1028 2738 volun·
1063 2689 1229 2735 moveatur
1242 2720 1250 2750 ,
1264 2675 1334 2748 utria
1356 2673 1397 2736 est
1419 2695 1547 2740 natura.

267 2761 507 2833 aapzjffalrgnata
537 2769 677 2837 maneat,
706 2773 761 2815 nee
786 2771 846 2830 ne;
874 2773 933 2816 nec
955 2771 1030 2827 opus
1108 2749 1153 2810 rt.
1178 2751 1240 2828 Qi
1264 2754 1294 2813 in
1322 2759 1460 2816 oratione
1491 2759 1591 2818 utitur
1609 2753 1823 2836 imaginibus,

268 2837 368 2903 estut
390 2835 467 2900 velit
489 2833 667 2916 cognoscere
695 2833 779 2894 suum
811 2831 945 2908 ilatum,
975 2851 1029 2894 nec
1065 2829 1186 2908 figuris,
1216 2831 1387 2910 speciebus,
1410 2829 1452 2894 &-
1466 2839 1589 2910 propriis
1613 2840 1825 2912 conceptioni·

268 2921 422 2996 proprium
443 2911 540 2986 nihil,
561 2909 609 2972 led
627 2909 714 2973 debet
732 2927 769 2974 ut
789 2931 898 2989 corpus
923 2914 1030 2975 exani·
1065 2910 1137 3002 bus,
1174 2929 1236 2974 non
1259 2910 1366 2975 adorat
1394 2911 1494 2978 Deum
1516 2921 1551 2977 in
1581 2910 1689 2991 spiritu
1711 2917 1745 2982 ἀ
1775 2935 1826 2981 te·

267 3011 483 3060 meminere.
1066 3007 1184 3052 ritate.

308 3093 338 3154 9.
358 3074 433 3136 Non
453 3068 544 3132 debet
570 3069 673 3158 anima
704 3067 851 3134 reminisci
879 3091 937 3135 nec
967 3067 1032 3145 sui,
1106 3085 1152 3144 19.
1171 3069 1234 3145 Qui
1253 3088 1336 3136 amat
1356 3071 1454 3138 Deum
1475 3095 1513 3139 eo
1534 3077 1642 3156 niodo,
1662 3097 1724 3154 quo
1745 3078 1827 3141 ratio

267 3175 326 3219 nec
343 3154 426 3228 Dei,
455 3169 512 3212 ricc
538 3148 753 3236 cuiuscumque
774 3152 840 3226 rei,
867 3149 953 3215 &in
980 3151 1032 3210 via
1068 3166 1318 3227 argumentatur,
1347 3169 1401 3216 aut
1431 3154 1601 3221 intelleslus
1630 3155 1829 3234 comprehcn-

270 3240 396 3297 inrerna
411 3231 509 3292 omnis
526 3222 654 3288 reflexio
669 3225 714 3288 esi
730 3231 863 3305 nociva,
883 3231 1032 3292 etiamre·
1066 3229 1132 3302 dit,
1155 3247 1215 3288 non
1232 3249 1316 3294 amat
1335 3251 1442 3297 verum
1460 3235 1577 3298 Deunr.

271 3312 414 3378 flexioad
432 3311 496 3372 luas
517 3307 664 3368 humanas
687 3307 840 3387 olliones,
860 3307 894 3372 dt
911 3309 947 3373 ad
967 3327 1033 3384 pro·
1106 3324 1156 3366 ιο.
1183 3307 1343 3386 Asserere,
1373 3313 1454 3388 quod
1475 3318 1506 3376 in
1526 3317 1665 3381 oratione
1687 3333 1764 3392 opur
1784 3311 1829 3378 est

271 3397 355 3473 prior
372 3388 549 3480 teletam
613 3461 625 3478 „
754 3468 759 3478 ¹
818 3465 830 3476 .
1067 3385 1119 3449 sibi
1152 3405 1203 3461 per
1231 3387 1392 3453 discursum
1423 3394 1572 3458 auxilium
1601 3391 1754 3472 serre,&
1776 3409 1829 3468 pet

322 3493 369 3536 ro.
388 3472 417 3533 Si
440 3487 549 3554 proprii
571 3463 701 3527 dercilus
718 3466 793 3528 alios
813 3467 1034 3540 scandalizent,
1067 3468 1295 3543 cogitationes,
1314 3489 1388 3542 quas
1408 3471 1490 3534 Deus
1516 3478 1649 3538 animam
1666 3495 1726 3538 non
1748 3473 1833 3536 2110.

272 3573 333 3631 raon
350 3551 393 3616 est
406 3548 603 3610 necesarium
617 3542 1035 3620 refledere,dummodonnn
1070 3551 1192 3621 quitur,
1223 3548 1396 3622 ignorantia
1417 3550 1477 3614 esl.
1500 3551 1581 3618 Deus
1602 3574 1757 3630 nunquam
1788 3549 1832 3613 lo·

272 3629 350 3700 dlit
379 3631 523 3692 voluntat
554 3621 776 3686 scandalizandi
803 3626 874 3696 adr
904 3627 941 3690 ad
970 3643 1035 3700 pro·
1070 3627 1192 3700 quitur,
1213 3629 1278 3688 eius
1300 3629 1416 3692 locutio
1435 3627 1478 3692 eil
1494 3625 1833 3706 operario;'&sernper

273 3713 354 3790 prios
384 3707 517 3772 defedlus
548 3724 608 3765 non
639 3705 720 3777 polle
743 3701 915 3783 reslrslere,
938 3709 1036 3784 gratia
1071 3709 1103 3790 in
1119 3707 1218 3766 anima
1235 3725 1402 3784 operatur,
1422 3713 1543 3785 quando
1563 3711 1628 3777 haec
1648 3713 1706 3775 luit
1722 3715 1835 3774 discur-

276 3791 335 3855 Del
357 3789 422 3852 est·
528 3867 532 3876 ,
1072 3783 1169 3859 hbui,
1189 3788 1451 3867 cogitationibus,
1467 3790 1500 3855 ἀ
1516 3795 1742 3869 operationibus
1763 3807 1835 3854 erim

319 3890 367 3932 ιι.
390 3868 437 3932 Ad
464 3863 579 3939 dubit,
601 3882 671 3938 qnae
688 3883 877 3942 occurrunt,
901 3886 939 3926 an
957 3863 1038 3927 resle
1073 3883 1136 3926 non
1159 3863 1306 3940 impedit.
1478 3931 1490 3943 ,

276 3948 457 4028 procedatur
477 3964 593 4029 necne,
614 3962 675 4004 oon
698 3963 774 4017 opor
793 3943 836 4006 cll
866 3941 1036 4008 rellellere.
1114 3961 1162 4028 ιι.
1183 3943 1217 4005 ln
1240 3947 1392 4010 Oratione
1413 3969 1487 4024 opus
1506 3949 1548 4014 e'sl
1573 3969 1697 4015 manere
1725 3945 1837 4012 infide

321 4049 369 4092 ra.
391 4027 455 4100 Qni
477 4023 562 4086 suurn
584 4018 710 4083 liberum
727 4024 886 4088 arbitrium
902 4023 972 4087 Deo
987 4026 1039 4086 do·
1074 4021 1221 4099 obscura,
1243 4023 1276 4087 dr
1292 4027 1474 4104 univerlali,
1501 4051 1571 4092 curn
1592 4036 1698 4107 quiete
1714 4027 1746 4092 dt
1763 4027 1839 4090 obli·

277 4113 366 4174 navit
382 4157 389 4180 ,
406 4107 442 4167 de
462 4103 546 4164 dulia
564 4122 595 4162 re
611 4100 699 4163 debet
715 4124 821 4166 curam
839 4105 969 4180 habere,
984 4123 1039 4166 nec
1074 4107 1167 4166 vione
1182 4103 1398 4180 cuiuscumque
1417 4111 1613 4186 cogitationis
1625 4107 1840 4188 particularis,

277 4191 316 4253 de
336 4184 479 4258 lnserno,
497 4201 554 4245 nec
574 4180 610 4243 de
627 4181 790 4260 Paradiso,
806 4203 862 4245 net
882 4185 972 4247 debet
989 4182 1040 4245 de·
1076 4204 1109 4245 ac
1132 4179 1273 4244 diliinllae
1294 4183 1516 4250 attributorum
1542 4187 1620 4269 Dei,
1643 4177 1841 4256 ac‘l'rinita·

280 4269 420 4332 siderium
449 4263 555 4325 habere
585 4280 712 4347 proprie
743 4259 956 4404 ffrseflionis,
983 4281 1040 4324 nec
1076 4265 1136 4336 tis,
1158 4259 1192 4326 dt
1212 4259 1250 4324 lic
1279 4265 1310 4323 in
1336 4265 1393 4326 Dei
1419 4267 1580 4340 presentia
1605 4289 1729 4334 manere
1748 4267 1784 4330 ad
1803 4261 1842 4328 il·

278 4353 529 4418 virtutnni,nec
547 4344 674 4417 propriae
692 4339 743 4404 san
775 4344 1040 4419 itatir,necpro-
1077 4344 1139 4402 luni
1167 4343 1354 4404 adorandum
1375 4345 1609 4426 demendum,
1635 4357 1722 4426 eique
1747 4343 1838 4406 ‘tiler-

278 4429 355 4506 priae
370 4423 498 4496 salutis,
518 4423 603 4483 cuins
626 4417 707 4495 spem
722 4439 893 4500 expurgare
913 4423 1021 4486 debet.
1077 4421 1246 4496 tiendum,
1276 4419 1323 4482 sed
1350 4423 1458 4498 eblone
1484 4429 1679 4505 produffione
1702 4426 1842 4496 abluam,

324 4525 374 4584 ιζ.
393 4500 555 4580 Resrgnato
572 4500 640 4562 Deo
656 4500 751 4563 libero
773 4502 924 4578 arbitrio,
942 4503 1042 4564 eidem
1077 4504 1147 4576 quir
1169 4503 1201 4561 in
1223 4501 1268 4564 hie
1289 4501 1370 4565 Deus
1387 4501 1439 4568 libi
1461 4523 1523 4570 non
1543 4511 1731 4584 complacet.

279 4591 351 4652 Deo
371 4582 568 4657 relinquenda
587 4577 629 4641 est
655 4581 823 4656 cogitatio,
849 4579 884 4647 ἀ
907 4601 980 4644 cura
1004 4580 1042 4644 de
1118 4599 1167 4641 aa.
1190 4578 1336 4660 Cognitio
1358 4581 1423 4648 haec
1447 4605 1497 4660 per
1519 4585 1610 4652 fidem
1629 4609 1689 4652 non
1706 4579 1844 4648 elladius

279 4671 364 4734 omni
396 4685 429 4727 re
459 4659 578 4736 nostra,
603 4657 637 4723 &
667 4661 857 4738 relinquere,
887 4668 922 4723 tit
951 4657 1042 4724 saciat
1080 4683 1096 4722 a
1128 4677 1270 4724 creatura
1303 4661 1481 4740 prodrrslut,
1511 4665 1557 4730 sed
1584 4665 1627 4730 csl
1658 4665 1796 4740 cognitio
1827 4683 1847 4728 ι

282 4753 314 4812 in
343 4745 427 4810 nobis
456 4743 520 4804 line
547 4739 630 4803 nobis
659 4736 743 4804 stram
768 4742 905 4805 divinam
933 4741 1045 4806 volun·
1080 4741 1146 4802 Deo
1178 4760 1329 4804 creaturae
1355 4745 1497 4822 tradita,
1522 4769 1611 4822 quana
1641 4747 1783 4813 c'rcatura
1817 4737 1847 4806 le

287 4847 390 4894 tatem
1082 4821 1193 4882 habere
1223 4841 1288 4884 non
1315 4817 1499 4902 cognostlt',
1529 4825 1577 4888 l'ed
1595 4823 1602 4874 -'
1615 4827 1713 4894 polica
1738 4839 1849 4902 coppo·

324 4928 376 4988 14·
394 4905 459 4978 Qui
482 4903 597 4966 divinae
619 4899 777 4964 voluntati
799 4895 964 4976 resignatus
985 4895 1045 4974 ell,
1082 4900 1139 4963 leit
1165 4899 1251 4964 illam
1273 4901 1302 4963 le
1334 4901 1484 4982 habuisl'e;
1514 4905 1548 4972 dt
1569 4885 1648 4970 itler'n
1668 4907 1780 4974 dicitur
1812 4903 1848 4968 de

281 5009 345 5054 non
367 4985 536 5060 convenit,
563 4999 598 5044 ut
620 5001 638 5041 a
659 4979 727 5044 Deo
752 5001 815 5042 rein
837 4981 972 5055 aliquam
1000 4998 1049 5054 pe·
1085 4999 1207 5042 amore.
1551 4993 1553 4998 ·

280 5087 361 5148 tat,
380 5068 452 5153 quia
484 5082 586 5132 petere
611 5057 655 5122 est
685 5057 889 5132 imncrstslio‚
914 5079 985 5125 cum
1013 5056 1049 5124 fit
1125 5073 1175 5136 η.
1207 5057 1328 5143 Myllici
1356 5081 1426 5128 cum
1455 5063 1483 5124 S.
1513 5063 1667 5134 Bernardo
1699 5071 1731 5132 in
1762 5057 1850 5130 Scala

368 5149 461 5226 dassia
480 5143 581 5208 Theos.
600 5141 710 5207 Metal.
729 5141 820 5206 Tou..
839 5137 895 5206 Vl.
1457 5140 1486 5205 G
1493 5163 1512 5223 g
1720 5149 1812 5216 clm.
