4584 5992
640 574 705 625 ne
741 553 922 625 Statu
951 552 1268 632 Retreioso
1305 556 1513 633 Camll.
1712 586 1788 660 233

287 675 341 727 rus
369 658 401 720 in
420 652 606 730 Religione‚
634 650 841 726 tranquillitas
863 650 1029 729 Religionis
1042 674 1067 727 ,¹
1084 657 1109 718 ti
1120 697 1128 716 .
1152 655 1228 720 Non
1243 660 1378 723 incurret
1395 673 1499 721 tamen
1516 655 1663 721 Praelatue
1682 709 1691 737 ,
1711 660 1733 726 fi
1752 669 1780 726 ei
1800 661 1841 725 de

289 735 438 819 ipsiusque
458 732 635 811 pullulantis
655 735 760 807 quies,
780 725 835 808 ἀ,
863 733 941 822 qiiod
956 735 1050 825 magis
1063 705 1068 821 Ῐ
1083 753 1171 800 certa
1187 734 1316 801 scientia
1330 736 1502 814 conflaret,
1523 737 1572 800 vel
1589 758 1631 800 eit
1647 742 1788 814 gravibus
1804 739 1840 806 ὰ

290 814 439 891 interest,
460 811 549 890 ipsius
570 828 687 876 aeterna
714 808 820 874 salus.
851 810 932 874 Hinc
952 830 992 874 ne
1005 824 1067 876 ,in¹
1084 815 1282 890 probabilibus
1299 815 1416 884 indiciis
1446 837 1481 880 ac
1503 816 1679 881 coniedluris
1700 869 1709 895 ,
1738 819 1842 898 postu·

291 894 488 965 admittendo
504 893 540 956 ad
556 893 768 970 Religionem,
786 888 822 953 ab
844 892 897 968 iis,
922 890 960 954 ad
976 909 1050 966 quos
1085 892 1201 958 lantem
1218 896 1295 959 nulli
1313 917 1352 958 eit
1372 896 1547 961 criminibus
1562 895 1613 961 feu
1636 900 1840 974 impedimen·

291 981 305 1044 f
373 993 405 1039 at
422 1022 432 1050 ‚
451 973 562 1049 aliquid
591 972 870 1047 praetermittitur,
897 987 1049 1048 caverunt
1085 977 1126 1037 tis
1142 978 1173 1036 in
1186 973 1415 1042 Bulla'Siiitina
1430 974 1573 1054 expressis
1587 980 1647 1041 elle
1655 979 1840 1057 obnoxium

307 1062 353 1123 uis
370 1051 600 1132 particularibus
619 1047 897 1115 constitutionibus
918 1050 1050 1113 Romani
1084 1055 1241 1130 quiaque
1259 1056 1341 1119 clara
1359 1054 1446 1132 furit,
1463 1060 1693 1122 examinatione
1715 1079 1775 1122 nori
1793 1062 1840 1121 iri·

292 1133 488 1210 Pontifices,
515 1132 549 1196 dt
566 1134 663 1208 primo
684 1130 788 1193 Siatus
805 1128 845 1192 V.
863 1146 943 1192 airino
961 1129 1046 1205 1585.
1084 1131 1113 1194 di
1134 1149 1214 1196 ent.
1239 1133 1337 1196 lmmo
1356 1132 1376 1195 si
1394 1154 1532 1210 receptus
1552 1133 1616 1203 sine
1641 1139 1707 1202 ulla
1724 1141 1841 1213 praevia

292 1217 348 1282 fua
363 1210 614 1300 Constitutione,
633 1210 830 1301 qu‘aeuincipit⁸
847 1211 922 1273 Cum
938 1209 975 1272 de
991 1230 1049 1271 om·
1083 1153 1299 1277 informatione
1317 1213 1435 1276 nullum
1450 1234 1488 1278 ex
1510 1215 1569 1278 illis
1589 1218 1765 1284 criminibus
1786 1218 1842 1282 ha·

292 1294 382 1364 ssibus
394 1292 590 1371 Ecclrfiaflieis
605 1286 782 1364 Ordinibus,
800 1307 880 1352 viros
897 1287 983 1365 lupia
998 1288 1049 1351 de·
1083 1289 1174 1364 bear,
1196 1293 1266 1356 licet
1283 1294 1433 1358 Piaelstus
1452 1293 1492 1357 ob
1508 1292 1734 1365 informationis
1749 1297 1841 1361 omil-

294 1381 410 1444 cimum
435 1391 550 1435 aritium
578 1369 733 1461 habentes·
754 1389 814 1432 non
843 1366 935 1445 aliter
958 1370 1049 1443 recipi
1082 1368 1198 1435 fiunem
1214 1377 1385 1447 peccaverit
1401 1375 1567 1451 graviter,
1604 1399 1710 1458 poenas
1734 1395 1841 1443 tamen

294 1457 375 1536 polle
397 1452 433 1517 ad
450 1451 605 1526 habitum,
623 1448 675 1512 nisi
691 1470 771 1524 prius
788 1447 1050 1523 decorumparen·
1083 1469 1146 1514 nori
1164 1454 1312 1515 incurrit.

296 1532 400 1610 tibus,
420 1534 544 1609 patria,
565 1528 627 1594 ἃς.
648 1532 818 1603 inquiratur
839 1550 848 1604 3
875 1527 909 1591 ὅ(
933 1525 955 1588 si
976 1529 1050 1590 reci·
1121 1528 1159 1593 Iri
1174 1531 1265 1595 modo
1282 1549 1385 1595 tamen
1401 1530 1529 1596 faciendi
1548 1535 1625 1601 tales
1642 1538 1841 1602 informatio·

291 1620 418 1691 piantur
439 1658 447 1687 ,
476 1610 618 1674 annullat
644 1605 853 1684 professionem
874 1628 910 1672 ac
930 1610 1049 1685 irritat,
1084 1628 1137 1672 nes
1155 1612 1272 1689 Priori,
1296 1609 1347 1674 seu
1364 1612 1535 1689 Superiori,
1560 1637 1594 1681 ac
1612 1616 1759 1698 Magistro
1775 1617 1842 1679 No·

291 1696 327 1762 bt
343 1692 482 1756 Praelatis
504 1688 566 1753 sine
589 1688 647 1752 tali
667 1684 886 1751 informatione
905 1690 1049 1764 recipien·
1083 1692 1234 1753 vitiorum
1254 1691 1304 1756 sel
1321 1691 1517 1756 studentium
1545 1696 1581 1758 ab
1607 1702 1715 1776 coqui
1732 1697 1769 1760 ad
1788 1713 1841 1760 eas

291 1777 402 1850 tibus,
434 1769 486 1834 vel
508 1788 588 1842 quoe
619 1767 716 1832 fciunt
739 1770 863 1845 gravari
888 1767 992 1843 aliquo
1010 1787 1049 1829 ex
1082 1768 1298 1845 capiendasfit
1318 1769 1519 1848 designatus,
1549 1775 1744 1842 flandumell
1763 1796 1840 1841 con·

292 1852 469 1918 memoratis
485 1844 671 1923 defeslibue,
690 1845 816 1925 assignat
844 1848 1049 1922 privationem
1083 1845 1234 1912 suetudini
1254 1851 1306 1913 vel
1326 1849 1438 1927 legibus
1459 1855 1706 1938 particularibus,
1727 1857 1761 1921 dt
1778 1852 1841 1919 fot·

293 1935 377 1998 iocis
395 1928 524 2004 adivae,
544 1927 578 1992 &
596 1925 738 2003 passivae,
758 1924 933 1991 officiorum
956 1974 965 2005 ‚
984 1946 1049 2006 gra·
1082 1948 1141 1991 mai
1162 1928 1280 1992 abillis
1305 1926 1513 2007 praefcriptae.
1543 1932 1573 1994 Si
1592 1954 1693 2001 tamesi
1724 1936 1775 2001 vel
1792 1939 1841 1997 iri·

293 2014 406 2086 duum,
427 2011 458 2073 dt
476 2009 660 2086 dignitatum
676 2027 935 2082 quarumcumque
953 2053 962 2085 ,
979 2026 1048 2083 quae
1082 2005 1309 2083 formationes,
1334 2010 1383 2072 vel
1408 2029 1512 2075 earum
1535 2008 1667 2081 formula
1688 2022 1699 2095 (
1720 2013 1839 2080 etiamsi
1922 2028 1925 2034 ·

292 2092 331 2157 ab
347 2096 391 2155 eis
407 2087 641 2167 possideantur.
669 2084 848 2150 Modetavit
868 2088 969 2152 altera
995 2081 1048 2150 fua
1081 2088 1276 2166 culpabiliter
1302 2091 1314 2165 l
1345 2092 1561 2166 omittantur,
1590 2097 1774 2161 Novitiatus
1804 2096 1840 2159 &

293 2172 459 2236 Gonllitut.
478 2189 544 2244 quae
574 2170 681 2243 incipit
710 2168 771 2235 Aa
788 2171 955 2236 Romanum
975 2170 1046 2230 Pori·
1080 2166 1242 2243 professio,
1257 2190 1297 2232 ex
1307 2170 1514 2236 moderatione
1522 2172 1690 2240 Clementis
1701 2173 1782 2237 Vlll.
1795 2170 1811 2236 f
1824 2202 1841 2223 ·

226 2279 229 2283 ’
291 2245 980 2330 ti'ficeman.1588.precedentem,setvatis
1002 2265 1046 2311 ta·
1080 2248 1544 2328 dlaBullaeSixtinae,femper
1567 2257 1671 2322 valida
1691 2254 1777 2321 funt.
1835 2287 1837 2291 ·

292 2352 361 2396 men
387 2334 509 2408 poenis,
540 2328 688 2400 &quoad
711 2328 839 2393 crimina
864 2324 893 2389 fe
912 2329 1046 2403 explica·

291 2416 363 2489 vit,
384 2429 492 2486 nempe
508 2406 771 2550 ‘limnff‘g'lfed-”ass
792 2405 851 2549 ιΐῖηε
873 2406 909 2472 ad
924 2402 1044 2501 forum..
1370 2414 1396 2474 §.
1438 2409 1549 2473 xlll,

233 2491 627 2648 attiliani.
648 2509 734 2644 iii.
753 2507 1045 2659 ,irretiat
1180 2529 1223 2591 ve
1245 2521 1684 2677 troiuggggpnio
1698 2529 1741 2591 a
1838 2602 1841 2606 .

291 2649 353 2714 slas
369 2652 450 2713 Sixri
472 2650 509 2711 V.
524 2649 627 2712 Bullas
645 2652 848 2723 temperavit,
868 2667 903 2709 ac
924 2646 1046 2730 reduxit
1424 2628 1443 2685 g
1548 2651 1556 2668 ·

290 2731 329 2793 ad
346 2731 494 2793 terminos
510 2732 584 2791 iuris
602 2728 770 2789 communis
789 2772 798 2801 ,
827 2725 917 2788 salvis
935 2724 1047 2799 lempei
1122 2718 1196 2783 Non
1215 2724 1313 2785 minus
1332 2740 1366 2786 ac
1385 2718 1564 2788 informatio
1581 2722 1669 2800 fuper
1685 2722 1839 2787 conditio·

289 2812 392 2884 poenis
406 2824 518 2869 contra
538 2802 768 2883 transgressores
794 2812 832 2866 iit
852 2802 936 2888 distis
950 2801 1048 2865 Biillis
1081 2817 1173 2876 nem,
1191 2803 1310 2877 vitani,
1330 2821 1427 2864 mores
1447 2801 1509 2868 ἀς.
1527 2802 1683 2880 personae,
1705 2824 1770 2879 quae
1791 2805 1839 2865 iri·

289 2889 371 2949 Sixti
389 2887 428 2945 V.
445 2886 625 2947 contentis.
655 2882 774 2948 Deinde
796 2882 937 2945 Clemens
962 2881 1047 2945 Vlll.
1082 2877 1211 2958 grclsum
1239 2881 1407 2963 Religionis
1437 2881 1597 2961 pullulat,
1625 2904 1702 2959 opus
1729 2881 1771 2945 est
1800 2898 1850 2948 ut.

290 2962 346 3028 fua
371 2960 536 3048 Conslitur.
567 2982 635 3038 quae
664 2963 771 3037 incipit
792 2962 950 3041 Alliffimae
973 2980 1046 3043 pau·
1082 2978 1134 3038 per
1150 2961 1262 3021 serium
1278 2977 1410 3023 examen
1432 2962 1550 3026 deeius
1570 2966 1754 3040 vocatione,
1778 2964 1840 3039 spi·

286 3044 417 3123 peitatis
433 3043 487 3106 via
504 3042 554 3105 lub
569 3042 616 3103 die
638 3061 683 3117 14.
702 3036 813 3115 Aprilis
832 3059 917 3119 ¹592·
935 3044 1047 3107 citatas
1081 3042 1145 3102 ritu
1170 3037 1206 3099 ad
1228 3039 1446 3117 Religionem,
1474 3061 1509 3106 ac
1529 3041 1697 3113 necelsariis
1717 3042 1841 3109 dotibus

288 3124 535 3187 Conllitutiones
566 3120 644 3182 Sixti
679 3120 716 3181 V.
746 3118 942 3197 &Gregorii
960 3122 1044 3186 xlv.
1081 3118 1842 3205 pruReligiofollatuprobatiohabeatur.Nam

288 3204 388 3279 quoad
407 3197 593 3279 professionis
609 3200 785 3263 nullitateui
798 3201 917 3264 reduxit
935 3202 971 3263 ad
983 3220 1043 3265 ter·
1080 3198 1101 3260 si
1123 3197 1230 3272 ablque
1252 3200 1306 3262 tali
1337 3196 1512 3264 discussione
1541 3206 1606 3279 quis
1631 3203 1838 3279 admittatur,

289 3287 388 3347 minos
409 3285 481 3344 iuris
501 3282 671 3343 communis
692 3328 701 3356 ,
721 3278 793 3342 idesl
813 3281 945 3344 validam
964 3281 1046 3359 else,
1080 3278 1118 3341 fit
1138 3293 1174 3340 ut
1191 3276 1242 3341 fibi
1260 3279 1312 3356 ipli
1341 3298 1403 3341 nori
1428 3277 1501 3344 fatis
1521 3286 1691 3359 cognitus,
1720 3302 1777 3343 nec
1797 3282 1836 3342 de

288 3361 344 3426 iiisi
363 3382 403 3425 eii
424 3365 490 3423 iuie
518 3362 672 3423 communi
702 3360 782 3423 aliud
808 3361 897 3423 detur
922 3362 1047 3438 impedi·
1081 3361 1147 3421 vita
1168 3358 1308 3436 religiosa
1336 3359 1408 3421 fatis
1433 3359 1590 3423 instrudlus
1618 3381 1687 3424 eam
1709 3361 1837 3423 vivendi

289 3459 426 3504 mentum
449 3442 599 3523 irritans,
630 3441 722 3501 lalvis
745 3438 860 3514 lemper
880 3440 1046 3515 poenisfla·
1081 3436 1307 3500 institutionem
1328 3437 1545 3515 amplefiatur,
1566 3439 1712 3515 adquam
1733 3438 1836 3514 possea
1936 3508 1939 3515 ,

290 3523 367 3584 turis
382 3535 490 3583 contra
506 3517 751 3594 tranlgiessures,
771 3516 804 3580 dt
820 3521 900 3581 circa
922 3519 979 3581 hoc
998 3523 1045 3580 vi·
1080 3517 1273 3593 experientia
1300 3516 1494 3589 deprehendit
1523 3517 1553 3579 le
1583 3538 1691 3583 revera
1721 3541 1740 3587 a
1767 3519 1836 3582 Deo

290 3601 351 3663 deri
378 3600 501 3675 poliunt
525 3599 703 3661 Salmantic.
728 3597 764 3659 de
788 3600 876 3660 Statu
903 3596 1045 3677 Religioso
1080 3616 1142 3658 nori
1165 3589 1251 3657 fuisle
1271 3610 1434 3671 vocatum,
1457 3616 1514 3661 nec
1534 3618 1585 3662 eas
1608 3601 1700 3662 animi
1725 3619 1835 3676 corpo-

289 3682 374 3743 irati.
403 3680 565 3756 upana
593 3700 621 3755 4.
653 3675 702 3738 ubi
733 3696 779 3738 res
812 3672 904 3740 fufius
925 3682 1045 3758 agitur,
1081 3673 1175 3750 risque
1196 3673 1284 3736 dotes
1306 3696 1342 3738 ac
1359 3676 1522 3747 qualitates
1539 3677 1676 3753 habere,
1706 3701 1774 3756 qiiae
1795 3677 1833 3742 ad

289 3762 440 3834 precipue
455 3759 552 3833 quoad
569 3751 774 3833 criminosos,
801 3759 852 3832 qui
872 3777 942 3820 cum
958 3757 1048 3820 Reli-¹
1078 3773 1174 3819 onera
1194 3751 1316 3817 huiusce
1338 3756 1413 3817 vitae
1434 3755 1529 3821 status
1559 3753 1681 3824 ferenda
1703 3759 1850 3823 necessa.

283 3841 410 3916 gionem
424 3837 598 3914 deceperint
609 3832 662 3900 sua
674 3839 803 3899 crimina
813 3836 958 3912 celando,
972 3837 1043 3916 elici
1079 3837 1133 3897 riae
1152 3832 1248 3907 funt,
1277 3834 1348 3897 dum
1369 3837 1495 3900 interim
1511 3855 1658 3902 votorum
1680 3836 1741 3904 fuae
1766 3856 1835 3915 pro·

286 3921 431 3994 possunt.
1078 3912 1211 3978 fessionis
1226 3915 1355 3979 vinculo
1371 3917 1409 3978 ad
1425 3918 1519 3981 talem
1536 3919 1662 3982 vivendi
1679 3921 1845 3982 rationem·

325 3994 565 4061 informationes
584 4015 659 4059 vero
675 3991 899 4074 huiuscemodi,
917 3996 989 4060 licet
1004 4015 1042 4059 ex
1076 3991 1250 4071 oblliidlus,
1271 4015 1335 4058 nori
1352 4016 1423 4059 raro
1443 4017 1513 4060 cum
1533 4017 1642 4073 magna
1664 4015 1846 4075 repugnanv

282 4079 337 4140 cit.
360 4076 530 4140 Conllitua.
553 4076 632 4139 Siiiti
656 4074 713 4149 V.,
735 4071 883 4140 faciendae
904 4074 963 4139 sint
988 4096 1042 4139 an·
1078 4079 1152 4150 tia,
1183 4094 1219 4139 ac
1239 4077 1322 4151 gravi
1340 4071 1400 4140 suae
1420 4094 1547 4150 aeternae
1573 4076 1679 4139 salutis
1699 4074 1844 4153 periculo·

284 4174 317 4221 te
334 4159 543 4232 receptionem
569 4156 604 4217 ad
625 4153 763 4221 habitum
783 4202 792 4230 ,
819 4175 857 4218 eii
873 4153 1042 4220 constitut.
1077 4152 1272 4232 perseverare
1288 4170 1432 4234 tenetur,
1454 4175 1489 4218 ac
1505 4158 1678 4219 anxietates
1696 4159 1833 4233 patitur,

286 4254 392 4299 tamen
412 4236 622 4300 moderatoria
651 4236 831 4298 Clementiis
855 4234 939 4297 Vlll.
969 4234 1042 4301 fatis
1076 4237 1208 4312 gemitus
1230 4280 1238 4309 ,
1265 4233 1298 4298 dt
1320 4236 1421 4310 peiora
1442 4254 1481 4296 ex
1502 4235 1561 4297 illis
1582 4232 1762 4299 resultantia
1784 4236 1833 4296 in·

281 4314 327 4379 est
355 4313 378 4377 fi
403 4315 483 4378 fiant
513 4330 589 4378 ante
615 4310 851 4390 professionem,
878 4312 1042 4381 dummodo
1076 4311 1254 4389 commoda,
1274 4334 1343 4389 quae
1364 4314 1432 4376 inde
1453 4314 1648 4392 sequuntur,
1676 4332 1712 4378 ut
1728 4316 1833 4391 quoti·
1872 4360 1874 4363 -

286 4398 336 4471 qui
359 4398 525 4471 recipitur,
545 4413 608 4458 noii
623 4396 787 4468 recipiatur
803 4396 876 4469 quin
893 4398 975 4472 prius
998 4400 1042 4459 iii·
1076 4395 1165 4458 diana
1180 4396 1374 4469 experientia
1394 4396 1482 4457 nimis
1503 4393 1629 4471 probat,
1649 4415 1683 4458 ac
1700 4395 1810 4458 docet.

282 4494 334 4541 ret
351 4472 382 4540 se
400 4475 461 4539 else
484 4475 611 4538 liberum
631 4474 668 4539 ab
690 4473 828 4536 omnibus
848 4475 1042 4551 impedimen·
1115 4473 1209 4536 Hunc.
1225 4473 1352 4540 ,modum
1373 4473 1478 4554 agendi
1494 4496 1563 4540 cum
1579 4475 1752 4551 petentibus
1773 4475 1834 4536 Re·

283 4559 326 4620 ais
345 4554 489 4630 expressis
510 4557 540 4617 in
564 4553 653 4617 Bulla
672 4552 752 4616 Sixti
772 4552 830 4631 V.‚
855 4575 922 4629 quae
938 4558 1042 4618 omnia
1076 4555 1195 4632 ligionis
1215 4552 1375 4631 ingressum
1395 4556 1506 4619 docent
1523 4572 1642 4620 veteres
1662 4552 1841 4621 Monachus

288 4639 318 4697 in
336 4634 433 4710 lpecie
457 4635 503 4695 illi
524 4636 649 4711 proponi
669 4632 778 4696 debent
798 4676 805 4692 .
829 4634 869 4697 Et
889 4631 910 4695 fi
932 4635 1042 4700 Praela·
1077 4655 1144 4698 rum
1160 4635 1294 4712 Patres,
1322 4638 1372 4709 qui
1399 4631 1514 4713 semper
1545 4637 1730 4710 praecipuam
1748 4631 1832 4694 adhi-

283 4730 337 4779 tus
363 4714 429 4779 haec
449 4716 554 4777 omnia
580 4714 710 4776 omittat
733 4760 743 4789 ,
773 4713 948 4777 mortaliter
975 4735 1042 4788 pec·
1075 4714 1302 4790 buerecuram,
1318 4731 1353 4777 ut
1371 4714 1459 4792 fiiper
1476 4718 1662 4788 vocatione,
1680 4712 1835 4788 moribus,

282 4811 339 4858 cat
356 4841 366 4870 ,
384 4794 418 4860 dt
440 4795 573 4858 incurrit
595 4811 702 4872 poenas
723 4790 847 4860 inditia
867 4792 1041 4859 BullaSix·
1078 4798 1171 4859 animi
1193 4816 1228 4860 ac
1259 4798 1393 4870 corporis
1421 4794 1540 4858 dotibus
1563 4791 1672 4855 serium
1700 4810 1831 4854 examen

283 4876 365 4937 ciV.
386 4890 582 4952 contentas;
610 4893 680 4936 cum
704 4872 845 4937 Clemens
870 4872 952 4934 Vlll.
975 4875 1042 4938 loco
1078 4874 1299 4939 instituerent.
1335 4875 1363 4937 S.
1385 4871 1559 4937 Benediflits
1581 4872 1706 4936 tradidit
1726 4874 1758 4932 in
1779 4868 1851 4934 fua'

290 4951 542 5022 informationum
559 4950 846 5031 praemittendaruni
858 4954 894 5016 ad
903 4973 1042 5017 normam
1078 4957 1194 5031 Regula
1208 4976 1274 5031 cap.
1298 4954 1344 5030 58.
1366 4971 1401 5018 ut
1423 4957 1546 5018 noviter
1562 4951 1701 5014 venienti
1717 4951 1755 5016 ad
1772 4950 1833 5015 Re·

289 5030 385 5101 Bullae
401 5035 484 5098 Sixti
505 5032 543 5098 V.
569 5053 624 5111 pio
645 5034 820 5108 receptione
843 5032 879 5094 ad
896 5032 1041 5096 Novitia·
1080 5034 1224 5112 ligionem
1244 5054 1305 5098 nori
1326 5033 1430 5098 ffatim
1459 5035 1487 5096 ei
1514 5032 1666 5095 tribuatur
1686 5032 1834 5112 ingressus

289 5128 371 5194 tuin,
390 5108 868 5296 reaeimyaemislionemdilli
891 5114 1043 5175 iurameii·
1079 5116 1115 5180 ad
1136 5114 1325 5195 Religionem
1346 5161 1356 5192 ,
1389 5111 1439 5178 fed
1463 5113 1553 5177 iuxta
1574 5107 1713 5190 Apostoli
1734 5117 1840 5179 moni·¹

477 5231 480 5237 ·
1324 5215 1327 5220 ’
1729 5210 1799 5261 tum
