<?xml version="1.0" encoding="UTF-8"?>
<!DOCTYPE html PUBLIC "-//W3C//DTD XHTML 1.0 Transitional//EN"
    "http://www.w3.org/TR/xhtml1/DTD/xhtml1-transitional.dtd">
<html xmlns="http://www.w3.org/1999/xhtml" xml:lang="en" lang="en">
 <head>
  <title>
</title>
<meta http-equiv="Content-Type" content="text/html;charset=utf-8" />
  <meta name='ocr-system' content='tesseract 3.04.00' />
  <meta name='ocr-capabilities' content='ocr_page ocr_carea ocr_par ocr_line ocrx_word'/>
</head>
<body>
  <div class='ocr_page' id='page_1' title='image "./institutionesth01boragoog/institutionesth01boragoog_0329.png"; bbox 0 0 4584 5992; ppageno 0'>
   <div class='ocr_carea' id='block_1_1' title="bbox 732 527 1877 652">
    <p class='ocr_par' dir='ltr' id='par_1_1' title="bbox 732 527 1877 652">
     <span class='ocr_line' id='line_1_1' title="bbox 732 527 1877 652; baseline 0.001 -24"><span class='ocrx_word' id='word_1_1' title='bbox 732 549 1601 631; x_wconf 68' lang='lat' dir='ltr'>naSriruRaiioiosoCanlll.</span> <span class='ocrx_word' id='word_1_2' title='bbox 1713 527 1715 530; x_wconf 28' lang='lat'>⁵</span> <span class='ocrx_word' id='word_1_3' title='bbox 1803 577 1877 652; x_wconf 83' lang='lat'>323</span> 
     </span>
    </p>
   </div>
   <div class='ocr_carea' id='block_1_2' title="bbox 325 647 1982 5103">
    <p class='ocr_par' dir='ltr' id='par_1_2' title="bbox 325 647 1982 5103">
     <span class='ocr_line' id='line_1_2' title="bbox 385 647 1927 734; baseline -0.006 -4"><span class='ocrx_word' id='word_1_4' title='bbox 385 666 440 734; x_wconf 88' lang='lat' dir='ltr'>sibi</span> <span class='ocrx_word' id='word_1_5' title='bbox 461 658 645 731; x_wconf 89' lang='lat' dir='ltr'>vindicando</span> <span class='ocrx_word' id='word_1_6' title='bbox 666 704 674 734; x_wconf 90' lang='lat'>,</span> <span class='ocrx_word' id='word_1_7' title='bbox 698 656 748 720; x_wconf 89' lang='lat' dir='ltr'>vel</span> <span class='ocrx_word' id='word_1_8' title='bbox 766 648 964 724; x_wconf 77' lang='lat' dir='ltr'>destruendo,</span> <span class='ocrx_word' id='word_1_9' title='bbox 996 649 1046 714; x_wconf 90' lang='lat' dir='ltr'>vel</span> <span class='ocrx_word' id='word_1_10' title='bbox 1076 650 1137 714; x_wconf 90' lang='lat' dir='ltr'>alio</span> <span class='ocrx_word' id='word_1_11' title='bbox 1174 654 1219 715; x_wconf 93' lang='lat' dir='ltr'>tio</span> <span class='ocrx_word' id='word_1_12' title='bbox 1236 651 1426 726; x_wconf 80' lang='lat' dir='ltr'>proprietatis</span> <span class='ocrx_word' id='word_1_13' title='bbox 1447 649 1561 726; x_wconf 88' lang='lat' dir='ltr'>peculia</span> <span class='ocrx_word' id='word_1_14' title='bbox 1582 647 1727 713; x_wconf 82' lang='lat' dir='ltr'>habentes</span> <span class='ocrx_word' id='word_1_15' title='bbox 1747 697 1755 724; x_wconf 92' lang='lat'>,</span> <span class='ocrx_word' id='word_1_16' title='bbox 1775 650 1848 717; x_wconf 86' lang='lat' dir='ltr'>licet</span> <span class='ocrx_word' id='word_1_17' title='bbox 1869 655 1927 720; x_wconf 86' lang='lat' dir='ltr'>boc</span> 
     </span>
     <span class='ocr_line' id='line_1_3' title="bbox 385 728 1926 814; baseline -0.008 -5"><span class='ocrx_word' id='word_1_18' title='bbox 385 745 475 814; x_wconf 83' lang='lat' dir='ltr'>modo</span> <span class='ocrx_word' id='word_1_19' title='bbox 495 736 742 810; x_wconf 87' lang='lat' dir='ltr'>damnificando,</span> <span class='ocrx_word' id='word_1_20' title='bbox 761 729 962 812; x_wconf 66' lang='lat' dir='ltr'>quantum&amp;</span> <span class='ocrx_word' id='word_1_21' title='bbox 985 747 1136 804; x_wconf 80' lang='lat' dir='ltr'>quatenus</span> <span class='ocrx_word' id='word_1_22' title='bbox 1173 728 1210 793; x_wconf 93' lang='lat' dir='ltr'>sit</span> <span class='ocrx_word' id='word_1_23' title='bbox 1224 750 1295 794; x_wconf 88' lang='lat' dir='ltr'>cuin</span> <span class='ocrx_word' id='word_1_24' title='bbox 1310 730 1401 792; x_wconf 91' lang='lat' dir='ltr'>totali</span> <span class='ocrx_word' id='word_1_25' title='bbox 1418 729 1620 804; x_wconf 76' lang='lat' dir='ltr'>dependentia</span> <span class='ocrx_word' id='word_1_26' title='bbox 1637 729 1838 805; x_wconf 83' lang='lat' dir='ltr'>aSuperiore.</span> <span class='ocrx_word' id='word_1_27' title='bbox 1860 733 1926 796; x_wconf 83' lang='lat' dir='ltr'>iiiii</span> 
     </span>
     <span class='ocr_line' id='line_1_4' title="bbox 388 806 1929 952; baseline -0.009 -68"><span class='ocrx_word' id='word_1_28' title='bbox 388 822 505 904; x_wconf 77' lang='lat' dir='ltr'>potest,</span> <span class='ocrx_word' id='word_1_29' title='bbox 522 837 646 887; x_wconf 89' lang='lat' dir='ltr'>tenetur</span> <span class='ocrx_word' id='word_1_30' title='bbox 654 809 846 890; x_wconf 86' lang='lat' dir='ltr'>compensare</span> <span class='ocrx_word' id='word_1_31' title='bbox 856 831 895 875; x_wconf 84' lang='lat' dir='ltr'>eri</span> <span class='ocrx_word' id='word_1_32' title='bbox 908 815 962 887; x_wconf 88' lang='lat' dir='ltr'>iis,</span> <span class='ocrx_word' id='word_1_33' title='bbox 983 810 1136 887; x_wconf 86' lang='lat' dir='ltr'>dequibus</span> <span class='ocrx_word' id='word_1_34' title='bbox 1174 830 1249 874; x_wconf 89' lang='lat' dir='ltr'>vero</span> <span class='ocrx_word' id='word_1_35' title='bbox 1269 827 1332 873; x_wconf 87' lang='lat' dir='ltr'>riori</span> <span class='ocrx_word' id='word_1_36' title='bbox 1348 808 1478 875; x_wconf 79' lang='lat' dir='ltr'>insirmae</span> <span class='ocrx_word' id='word_1_37' title='bbox 1497 826 1582 874; x_wconf 85' lang='lat' dir='ltr'>notae</span> <span class='ocrx_word' id='word_1_38' title='bbox 1600 806 1752 952; x_wconf 46' lang='lat' dir='ltr'>Theolofi</span> <span class='ocrx_word' id='word_1_39' title='bbox 1772 810 1806 877; x_wconf 70' lang='grc' dir='ltr'>ἃ</span> <span class='ocrx_word' id='word_1_40' title='bbox 1825 811 1929 878; x_wconf 78' lang='lat' dir='ltr'>Cano·</span> 
     </span>
     <span class='ocr_line' id='line_1_5' title="bbox 385 888 1927 971; baseline -0.007 0"><span class='ocrx_word' id='word_1_41' title='bbox 385 911 419 971; x_wconf 89' lang='lat' dir='ltr'>iii</span> <span class='ocrx_word' id='word_1_42' title='bbox 449 904 525 969; x_wconf 84' lang='lat' dir='ltr'>alios</span> <span class='ocrx_word' id='word_1_43' title='bbox 543 898 611 965; x_wconf 86' lang='lat' dir='ltr'>ulus</span> <span class='ocrx_word' id='word_1_44' title='bbox 637 900 666 959; x_wconf 89' lang='lat' dir='ltr'>ei</span> <span class='ocrx_word' id='word_1_45' title='bbox 691 892 843 970; x_wconf 77' lang='lat' dir='ltr'>disponere</span> <span class='ocrx_word' id='word_1_46' title='bbox 862 890 1058 964; x_wconf 78' lang='lat' dir='ltr'>conceditur,</span> <span class='ocrx_word' id='word_1_47' title='bbox 1084 889 1135 953; x_wconf 91' lang='lat' dir='ltr'>vel</span> <span class='ocrx_word' id='word_1_48' title='bbox 1173 889 1258 954; x_wconf 90' lang='lat' dir='ltr'>nillae</span> <span class='ocrx_word' id='word_1_49' title='bbox 1279 902 1298 952; x_wconf 80' lang='lat' dir='ltr'>e</span> <span class='ocrx_word' id='word_1_50' title='bbox 1317 906 1427 954; x_wconf 87' lang='lat' dir='ltr'>contra</span> <span class='ocrx_word' id='word_1_51' title='bbox 1448 888 1588 969; x_wconf 79' lang='lat' dir='ltr'>gravibus</span> <span class='ocrx_word' id='word_1_52' title='bbox 1609 889 1706 951; x_wconf 83' lang='lat' dir='ltr'>innixi</span> <span class='ocrx_word' id='word_1_53' title='bbox 1735 891 1927 960; x_wconf 79' lang='lat' dir='ltr'>undamentia</span> 
     </span>
     <span class='ocr_line' id='line_1_6' title="bbox 384 965 1927 1061; baseline -0.007 -12"><span class='ocrx_word' id='word_1_54' title='bbox 384 979 527 1061; x_wconf 82' lang='lat' dir='ltr'>expensas</span> <span class='ocrx_word' id='word_1_55' title='bbox 547 974 772 1048; x_wconf 87' lang='lat' dir='ltr'>imminuendo,</span> <span class='ocrx_word' id='word_1_56' title='bbox 792 971 1007 1045; x_wconf 81' lang='lat' dir='ltr'>quaseitbonis</span> <span class='ocrx_word' id='word_1_57' title='bbox 1027 970 1137 1033; x_wconf 89' lang='lat' dir='ltr'>Mona·</span> <span class='ocrx_word' id='word_1_58' title='bbox 1172 974 1203 1032; x_wconf 89' lang='lat' dir='ltr'>in</span> <span class='ocrx_word' id='word_1_59' title='bbox 1219 967 1357 1034; x_wconf 89' lang='lat' dir='ltr'>savorem</span> <span class='ocrx_word' id='word_1_60' title='bbox 1377 970 1522 1034; x_wconf 90' lang='lat' dir='ltr'>dimicant</span> <span class='ocrx_word' id='word_1_61' title='bbox 1542 967 1614 1032; x_wconf 91' lang='lat' dir='ltr'>talis</span> <span class='ocrx_word' id='word_1_62' title='bbox 1630 965 1719 1043; x_wconf 88' lang='lat' dir='ltr'>usus,</span> <span class='ocrx_word' id='word_1_63' title='bbox 1738 967 1859 1034; x_wconf 77' lang='lat' dir='ltr'>rellriili</span> <span class='ocrx_word' id='word_1_64' title='bbox 1877 990 1927 1038; x_wconf 86' lang='lat' dir='ltr'>ta·</span> 
     </span>
     <span class='ocr_line' id='line_1_7' title="bbox 384 1047 1927 1134; baseline -0.01 -6"><span class='ocrx_word' id='word_1_65' title='bbox 384 1065 464 1134; x_wconf 87' lang='lat' dir='ltr'>slerii</span> <span class='ocrx_word' id='word_1_66' title='bbox 485 1062 569 1127; x_wconf 90' lang='lat' dir='ltr'>licite</span> <span class='ocrx_word' id='word_1_67' title='bbox 590 1055 689 1121; x_wconf 86' lang='lat' dir='ltr'>facere</span> <span class='ocrx_word' id='word_1_68' title='bbox 707 1050 829 1132; x_wconf 91' lang='lat' dir='ltr'>potell,</span> <span class='ocrx_word' id='word_1_69' title='bbox 853 1049 906 1114; x_wconf 89' lang='lat' dir='ltr'>nisi</span> <span class='ocrx_word' id='word_1_70' title='bbox 926 1052 1065 1114; x_wconf 90' lang='lat' dir='ltr'>dominus</span> <span class='ocrx_word' id='word_1_71' title='bbox 1086 1049 1135 1113; x_wconf 92' lang='lat' dir='ltr'>vel</span> <span class='ocrx_word' id='word_1_72' title='bbox 1172 1070 1241 1113; x_wconf 89' lang='lat' dir='ltr'>men</span> <span class='ocrx_word' id='word_1_73' title='bbox 1263 1048 1375 1113; x_wconf 89' lang='lat' dir='ltr'>talibus</span> <span class='ocrx_word' id='word_1_74' title='bbox 1396 1047 1638 1123; x_wconf 87' lang='lat' dir='ltr'>conditionibus,</span> <span class='ocrx_word' id='word_1_75' title='bbox 1657 1047 1764 1123; x_wconf 85' lang='lat' dir='ltr'>quibus</span> <span class='ocrx_word' id='word_1_76' title='bbox 1782 1054 1840 1113; x_wconf 89' lang='lat' dir='ltr'>rite</span> <span class='ocrx_word' id='word_1_77' title='bbox 1862 1049 1927 1134; x_wconf 16' lang='lat' dir='ltr'>ser·-</span> 
     </span>
     <span class='ocr_line' id='line_1_8' title="bbox 384 1127 1925 1210; baseline -0.01 -1"><span class='ocrx_word' id='word_1_78' title='bbox 384 1144 533 1210; x_wconf 83' lang='lat' dir='ltr'>Praelatus</span> <span class='ocrx_word' id='word_1_79' title='bbox 555 1138 689 1200; x_wconf 85' lang='lat' dir='ltr'>debitum</span> <span class='ocrx_word' id='word_1_80' title='bbox 710 1153 763 1208; x_wconf 89' lang='lat' dir='ltr'>pro</span> <span class='ocrx_word' id='word_1_81' title='bbox 783 1132 876 1194; x_wconf 90' lang='lat' dir='ltr'>illatis</span> <span class='ocrx_word' id='word_1_82' title='bbox 896 1131 1013 1194; x_wconf 89' lang='lat' dir='ltr'>danmis</span> <span class='ocrx_word' id='word_1_83' title='bbox 1034 1131 1064 1193; x_wconf 93' lang='lat' dir='ltr'>ei</span> <span class='ocrx_word' id='word_1_84' title='bbox 1093 1148 1136 1191; x_wconf 88' lang='lat' dir='ltr'>te·</span> <span class='ocrx_word' id='word_1_85' title='bbox 1174 1133 1254 1195; x_wconf 90' lang='lat' dir='ltr'>vatis</span> <span class='ocrx_word' id='word_1_86' title='bbox 1275 1147 1381 1195; x_wconf 90' lang='lat' dir='ltr'>revera</span> <span class='ocrx_word' id='word_1_87' title='bbox 1400 1127 1596 1193; x_wconf 89' lang='lat' dir='ltr'>conilituitur</span> <span class='ocrx_word' id='word_1_88' title='bbox 1615 1128 1783 1206; x_wconf 79' lang='lat' dir='ltr'>Religiosus</span> <span class='ocrx_word' id='word_1_89' title='bbox 1812 1134 1842 1191; x_wconf 88' lang='lat' dir='ltr'>iii</span> <span class='ocrx_word' id='word_1_90' title='bbox 1868 1130 1925 1195; x_wconf 89' lang='lat' dir='ltr'>sia·</span> 
     </span>
     <span class='ocr_line' id='line_1_9' title="bbox 382 1206 1924 1288; baseline -0.005 -5"><span class='ocrx_word' id='word_1_91' title='bbox 382 1227 513 1288; x_wconf 81' lang='lat' dir='ltr'>mittat.</span> <span class='ocrx_word' id='word_1_92' title='bbox 544 1219 653 1283; x_wconf 81' lang='lat' dir='ltr'>Omnis</span> <span class='ocrx_word' id='word_1_93' title='bbox 682 1215 765 1281; x_wconf 86' lang='lat' dir='ltr'>enim</span> <span class='ocrx_word' id='word_1_94' title='bbox 794 1209 903 1274; x_wconf 87' lang='lat' dir='ltr'>iniulia</span> <span class='ocrx_word' id='word_1_95' title='bbox 930 1207 1136 1275; x_wconf 86' lang='lat' dir='ltr'>damnificatio</span> <span class='ocrx_word' id='word_1_96' title='bbox 1172 1229 1207 1274; x_wconf 89' lang='lat' dir='ltr'>tii</span> <span class='ocrx_word' id='word_1_97' title='bbox 1229 1213 1304 1275; x_wconf 74' lang='lat' dir='ltr'>vitae</span> <span class='ocrx_word' id='word_1_98' title='bbox 1319 1208 1473 1273; x_wconf 90' lang='lat' dir='ltr'>communi</span> <span class='ocrx_word' id='word_1_99' title='bbox 1494 1207 1692 1286; x_wconf 68' lang='lat' dir='ltr'>equivalenti</span> <span class='ocrx_word' id='word_1_100' title='bbox 1711 1228 1721 1287; x_wconf 83' lang='lat'>3</span> <span class='ocrx_word' id='word_1_101' title='bbox 1741 1206 1788 1271; x_wconf 92' lang='lat' dir='ltr'>sed</span> <span class='ocrx_word' id='word_1_102' title='bbox 1805 1226 1859 1285; x_wconf 90' lang='lat' dir='ltr'>pro</span> <span class='ocrx_word' id='word_1_103' title='bbox 1876 1206 1924 1276; x_wconf 88' lang='lat' dir='ltr'>sa·</span> 
     </span>
     <span class='ocr_line' id='line_1_10' title="bbox 381 1285 1514 1368; baseline -0.018 0"><span class='ocrx_word' id='word_1_104' title='bbox 381 1307 449 1368; x_wconf 89' lang='lat' dir='ltr'>iure</span> <span class='ocrx_word' id='word_1_105' title='bbox 470 1295 602 1364; x_wconf 89' lang='lat' dir='ltr'>naturali</span> <span class='ocrx_word' id='word_1_106' title='bbox 624 1295 760 1359; x_wconf 88' lang='lat' dir='ltr'>resarciri</span> <span class='ocrx_word' id='word_1_107' title='bbox 784 1291 872 1354; x_wconf 90' lang='lat' dir='ltr'>debet</span> <span class='ocrx_word' id='word_1_108' title='bbox 896 1308 1045 1365; x_wconf 80' lang='lat' dir='ltr'>quantum</span> <span class='ocrx_word' id='word_1_109' title='bbox 1069 1285 1134 1350; x_wconf 88' lang='lat' dir='ltr'>fieri</span> <span class='ocrx_word' id='word_1_110' title='bbox 1170 1290 1269 1353; x_wconf 90' lang='lat' dir='ltr'>ciliori</span> <span class='ocrx_word' id='word_1_111' title='bbox 1290 1287 1514 1366; x_wconf 80' lang='lat' dir='ltr'>intelligentia.</span> 
     </span>
     <span class='ocr_line' id='line_1_11' title="bbox 382 1365 1924 1460; baseline -0.011 -14"><span class='ocrx_word' id='word_1_112' title='bbox 382 1379 503 1460; x_wconf 81' lang='lat' dir='ltr'>poteli,</span> <span class='ocrx_word' id='word_1_113' title='bbox 523 1376 577 1439; x_wconf 88' lang='lat' dir='ltr'>nisi</span> <span class='ocrx_word' id='word_1_114' title='bbox 596 1375 631 1437; x_wconf 83' lang='lat' dir='ltr'>ab</span> <span class='ocrx_word' id='word_1_115' title='bbox 652 1381 687 1437; x_wconf 87' lang='lat' dir='ltr'>iis</span> <span class='ocrx_word' id='word_1_116' title='bbox 704 1372 739 1435; x_wconf 85' lang='lat' dir='ltr'>ad</span> <span class='ocrx_word' id='word_1_117' title='bbox 757 1390 831 1446; x_wconf 81' lang='lat' dir='ltr'>quos</span> <span class='ocrx_word' id='word_1_118' title='bbox 854 1369 966 1445; x_wconf 79' lang='lat' dir='ltr'>spesiat</span> <span class='ocrx_word' id='word_1_119' title='bbox 984 1365 1135 1432; x_wconf 89' lang='lat' dir='ltr'>condone·</span> <span class='ocrx_word' id='word_1_120' title='bbox 1210 1369 1298 1432; x_wconf 89' lang='lat' dir='ltr'>Nota</span> <span class='ocrx_word' id='word_1_121' title='bbox 1320 1388 1346 1432; x_wconf 89' lang='lat'>1.</span> <span class='ocrx_word' id='word_1_122' title='bbox 1366 1389 1437 1432; x_wconf 90' lang='lat' dir='ltr'>cum</span> <span class='ocrx_word' id='word_1_123' title='bbox 1460 1366 1573 1431; x_wconf 85' lang='lat' dir='ltr'>celebri</span> <span class='ocrx_word' id='word_1_124' title='bbox 1588 1365 1766 1431; x_wconf 85' lang='lat' dir='ltr'>Cabassutio</span> <span class='ocrx_word' id='word_1_125' title='bbox 1786 1416 1794 1444; x_wconf 92' lang='lat'>,</span> <span class='ocrx_word' id='word_1_126' title='bbox 1825 1366 1924 1443; x_wconf 90' lang='lat' dir='ltr'>dupli·</span> 
     </span>
     <span class='ocr_line' id='line_1_12' title="bbox 381 1446 1924 1528; baseline -0.007 -6"><span class='ocrx_word' id='word_1_127' title='bbox 381 1478 453 1528; x_wconf 86' lang='lat' dir='ltr'>tur.</span> <span class='ocrx_word' id='word_1_128' title='bbox 474 1459 522 1522; x_wconf 88' lang='lat' dir='ltr'>Sic</span> <span class='ocrx_word' id='word_1_129' title='bbox 542 1458 574 1521; x_wconf 86' lang='lat' dir='ltr'>P.</span> <span class='ocrx_word' id='word_1_130' title='bbox 592 1456 809 1520; x_wconf 80' lang='lat' dir='ltr'>Antoinecum</span> <span class='ocrx_word' id='word_1_131' title='bbox 829 1449 866 1511; x_wconf 90' lang='lat' dir='ltr'>de</span> <span class='ocrx_word' id='word_1_132' title='bbox 887 1450 973 1526; x_wconf 84' lang='lat' dir='ltr'>Lugo</span> <span class='ocrx_word' id='word_1_133' title='bbox 992 1448 1024 1512; x_wconf 83' lang='lat' dir='ltr'>dt</span> <span class='ocrx_word' id='word_1_134' title='bbox 1046 1446 1134 1510; x_wconf 89' lang='lat' dir='ltr'>aliis.</span> <span class='ocrx_word' id='word_1_135' title='bbox 1169 1468 1234 1511; x_wconf 86' lang='lat' dir='ltr'>cem</span> <span class='ocrx_word' id='word_1_136' title='bbox 1257 1449 1317 1513; x_wconf 87' lang='lat' dir='ltr'>csse</span> <span class='ocrx_word' id='word_1_137' title='bbox 1332 1448 1529 1524; x_wconf 75' lang='lat' dir='ltr'>Repulatium</span> <span class='ocrx_word' id='word_1_138' title='bbox 1555 1464 1796 1526; x_wconf 79' lang='lat' dir='ltr'>paupertatem,</span> <span class='ocrx_word' id='word_1_139' title='bbox 1817 1467 1924 1511; x_wconf 48' lang='lat' dir='ltr'>tunam</span> 
     </span>
     <span class='ocr_line' id='line_1_13' title="bbox 418 1524 1925 1610; baseline -0.009 -7"><span class='ocrx_word' id='word_1_140' title='bbox 418 1538 598 1610; x_wconf 69' lang='lat' dir='ltr'>Ceterum,</span> <span class='ocrx_word' id='word_1_141' title='bbox 620 1533 657 1597; x_wconf 94' lang='lat' dir='ltr'>ad</span> <span class='ocrx_word' id='word_1_142' title='bbox 673 1527 906 1609; x_wconf 82' lang='lat' dir='ltr'>dignoscendum</span> <span class='ocrx_word' id='word_1_143' title='bbox 930 1527 1050 1603; x_wconf 86' lang='lat' dir='ltr'>quando</span> <span class='ocrx_word' id='word_1_144' title='bbox 1066 1545 1134 1589; x_wconf 89' lang='lat' dir='ltr'>reiis</span> <span class='ocrx_word' id='word_1_145' title='bbox 1169 1528 1291 1605; x_wconf 90' lang='lat' dir='ltr'>quidem</span> <span class='ocrx_word' id='word_1_146' title='bbox 1317 1527 1488 1604; x_wconf 71' lang='lat' dir='ltr'>generalem</span> <span class='ocrx_word' id='word_1_147' title='bbox 1518 1546 1553 1590; x_wconf 91' lang='lat' dir='ltr'>ac</span> <span class='ocrx_word' id='word_1_148' title='bbox 1588 1524 1803 1604; x_wconf 85' lang='lat' dir='ltr'>essentialem,</span> <span class='ocrx_word' id='word_1_149' title='bbox 1830 1527 1925 1591; x_wconf 89' lang='lat' dir='ltr'>aliam</span> 
     </span>
     <span class='ocr_line' id='line_1_14' title="bbox 382 1605 1924 1696; baseline -0.01 -11"><span class='ocrx_word' id='word_1_150' title='bbox 382 1617 447 1685; x_wconf 84' lang='lat' dir='ltr'>fieri</span> <span class='ocrx_word' id='word_1_151' title='bbox 468 1616 554 1696; x_wconf 71' lang='lat' dir='ltr'>possi</span> <span class='ocrx_word' id='word_1_152' title='bbox 574 1611 856 1692; x_wconf 76' lang='lat' dir='ltr'>Religiuluscontra</span> <span class='ocrx_word' id='word_1_153' title='bbox 874 1610 1063 1685; x_wconf 78' lang='lat' dir='ltr'>paupertatis</span> <span class='ocrx_word' id='word_1_154' title='bbox 1080 1625 1133 1669; x_wconf 93' lang='lat' dir='ltr'>vo·</span> <span class='ocrx_word' id='word_1_155' title='bbox 1170 1607 1385 1681; x_wconf 85' lang='lat' dir='ltr'>particularem</span> <span class='ocrx_word' id='word_1_156' title='bbox 1404 1606 1438 1672; x_wconf 82' lang='lat' dir='ltr'>dt</span> <span class='ocrx_word' id='word_1_157' title='bbox 1468 1607 1728 1676; x_wconf 87' lang='lat' dir='ltr'>accidentariam.</span> <span class='ocrx_word' id='word_1_158' title='bbox 1756 1605 1924 1671; x_wconf 74' lang='lat' dir='ltr'>Generalis</span> 
     </span>
     <span class='ocr_line' id='line_1_15' title="bbox 383 1685 1923 1773; baseline -0.006 -15"><span class='ocrx_word' id='word_1_159' title='bbox 383 1719 449 1766; x_wconf 86' lang='lat' dir='ltr'>tum</span> <span class='ocrx_word' id='word_1_160' title='bbox 462 1746 471 1773; x_wconf 95' lang='lat'>,</span> <span class='ocrx_word' id='word_1_161' title='bbox 486 1713 591 1761; x_wconf 87' lang='lat' dir='ltr'>monet</span> <span class='ocrx_word' id='word_1_162' title='bbox 611 1692 648 1756; x_wconf 89' lang='lat' dir='ltr'>de</span> <span class='ocrx_word' id='word_1_163' title='bbox 668 1693 755 1765; x_wconf 76' lang='lat' dir='ltr'>Lugo</span> <span class='ocrx_word' id='word_1_164' title='bbox 772 1687 966 1763; x_wconf 90' lang='lat' dir='ltr'>inspiciendas</span> <span class='ocrx_word' id='word_1_165' title='bbox 977 1689 1036 1749; x_wconf 87' lang='lat' dir='ltr'>elle</span> <span class='ocrx_word' id='word_1_166' title='bbox 1056 1686 1134 1761; x_wconf 77' lang='lat' dir='ltr'>leges</span> <span class='ocrx_word' id='word_1_167' title='bbox 1168 1708 1203 1750; x_wconf 88' lang='lat' dir='ltr'>ea</span> <span class='ocrx_word' id='word_1_168' title='bbox 1222 1685 1285 1764; x_wconf 88' lang='lat' dir='ltr'>cll,</span> <span class='ocrx_word' id='word_1_169' title='bbox 1303 1708 1360 1763; x_wconf 87' lang='lat' dir='ltr'>qua</span> <span class='ocrx_word' id='word_1_170' title='bbox 1380 1706 1483 1750; x_wconf 86' lang='lat' dir='ltr'>omnes</span> <span class='ocrx_word' id='word_1_171' title='bbox 1504 1687 1537 1751; x_wconf 81' lang='lat' dir='ltr'>dt</span> <span class='ocrx_word' id='word_1_172' title='bbox 1554 1685 1657 1764; x_wconf 80' lang='lat' dir='ltr'>singuli</span> <span class='ocrx_word' id='word_1_173' title='bbox 1679 1686 1821 1764; x_wconf 80' lang='lat' dir='ltr'>Religiosi</span> <span class='ocrx_word' id='word_1_174' title='bbox 1842 1733 1851 1762; x_wconf 92' lang='lat'>,</span> <span class='ocrx_word' id='word_1_175' title='bbox 1870 1703 1923 1749; x_wconf 89' lang='lat' dir='ltr'>ne·</span> 
     </span>
     <span class='ocr_line' id='line_1_16' title="bbox 382 1763 1925 1856; baseline -0.01 -12"><span class='ocrx_word' id='word_1_176' title='bbox 382 1799 417 1844; x_wconf 88' lang='lat' dir='ltr'>ac</span> <span class='ocrx_word' id='word_1_177' title='bbox 438 1777 555 1856; x_wconf 76' lang='lat' dir='ltr'>regulas</span> <span class='ocrx_word' id='word_1_178' title='bbox 576 1768 879 1848; x_wconf 85' lang='lat' dir='ltr'>cuiusquelnstituti.</span> <span class='ocrx_word' id='word_1_179' title='bbox 903 1765 985 1829; x_wconf 82' lang='lat' dir='ltr'>Nam</span> <span class='ocrx_word' id='word_1_180' title='bbox 1000 1763 1068 1827; x_wconf 84' lang='lat' dir='ltr'>fieri</span> <span class='ocrx_word' id='word_1_181' title='bbox 1081 1783 1133 1849; x_wconf 87' lang='lat' dir='ltr'>po-</span> <span class='ocrx_word' id='word_1_182' title='bbox 1169 1770 1249 1829; x_wconf 90' lang='lat' dir='ltr'>mine</span> <span class='ocrx_word' id='word_1_183' title='bbox 1264 1783 1426 1844; x_wconf 84' lang='lat' dir='ltr'>excepto,</span> <span class='ocrx_word' id='word_1_184' title='bbox 1455 1765 1660 1845; x_wconf 76' lang='lat' dir='ltr'>astringuntur</span> <span class='ocrx_word' id='word_1_185' title='bbox 1683 1770 1715 1828; x_wconf 91' lang='lat' dir='ltr'>in</span> <span class='ocrx_word' id='word_1_186' title='bbox 1736 1772 1766 1830; x_wconf 93' lang='lat' dir='ltr'>vi</span> <span class='ocrx_word' id='word_1_187' title='bbox 1787 1786 1925 1831; x_wconf 90' lang='lat' dir='ltr'>commu·</span> 
     </span>
     <span class='ocr_line' id='line_1_17' title="bbox 381 1843 1982 1932; baseline -0.01 -10"><span class='ocrx_word' id='word_1_188' title='bbox 381 1856 440 1923; x_wconf 77' lang='lat' dir='ltr'>tesi</span> <span class='ocrx_word' id='word_1_189' title='bbox 461 1875 496 1921; x_wconf 91' lang='lat' dir='ltr'>ut</span> <span class='ocrx_word' id='word_1_190' title='bbox 514 1854 594 1932; x_wconf 87' lang='lat' dir='ltr'>quod</span> <span class='ocrx_word' id='word_1_191' title='bbox 613 1852 691 1916; x_wconf 90' lang='lat' dir='ltr'>sorte</span> <span class='ocrx_word' id='word_1_192' title='bbox 710 1870 808 1913; x_wconf 89' lang='lat' dir='ltr'>nonr</span> <span class='ocrx_word' id='word_1_193' title='bbox 849 1865 944 1922; x_wconf 71' lang='lat' dir='ltr'>uenat</span> <span class='ocrx_word' id='word_1_194' title='bbox 974 1843 1132 1922; x_wconf 80' lang='lat' dir='ltr'>Religiolae</span> <span class='ocrx_word' id='word_1_195' title='bbox 1167 1850 1215 1909; x_wconf 89' lang='lat' dir='ltr'>nis</span> <span class='ocrx_word' id='word_1_196' title='bbox 1237 1848 1305 1910; x_wconf 91' lang='lat' dir='ltr'>voti</span> <span class='ocrx_word' id='word_1_197' title='bbox 1323 1846 1725 1924; x_wconf 83' lang='lat' dir='ltr'>paupertatis,didicirur</span> <span class='ocrx_word' id='word_1_198' title='bbox 1740 1865 1857 1924; x_wconf 87' lang='lat' dir='ltr'>quoque</span> <span class='ocrx_word' id='word_1_199' title='bbox 1877 1843 1923 1908; x_wconf 89' lang='lat' dir='ltr'>es·</span> <span class='ocrx_word' id='word_1_200' title='bbox 1979 1852 1982 1856; x_wconf 88' lang='grc'><strong><em>’</em></strong></span> 
     </span>
     <span class='ocr_line' id='line_1_18' title="bbox 380 1923 1923 2016; baseline -0.011 -14"><span class='ocrx_word' id='word_1_201' title='bbox 380 1940 557 2016; x_wconf 89' lang='lat' dir='ltr'>paupertati</span> <span class='ocrx_word' id='word_1_202' title='bbox 584 1932 753 2011; x_wconf 78' lang='lat' dir='ltr'>generatim</span> <span class='ocrx_word' id='word_1_203' title='bbox 770 1928 801 1991; x_wconf 90' lang='lat' dir='ltr'>in</span> <span class='ocrx_word' id='word_1_204' title='bbox 879 1946 926 2002; x_wconf 71' lang='grc' dir='ltr'>ε,</span> <span class='ocrx_word' id='word_1_205' title='bbox 955 1926 1132 1990; x_wconf 82' lang='lat' dir='ltr'>adversetur</span> <span class='ocrx_word' id='word_1_206' title='bbox 1168 1924 1320 2004; x_wconf 90' lang='lat' dir='ltr'>sentialis,</span> <span class='ocrx_word' id='word_1_207' title='bbox 1340 1926 1631 2004; x_wconf 80' lang='lat' dir='ltr'>quiatotumquod</span> <span class='ocrx_word' id='word_1_208' title='bbox 1651 1926 1741 1990; x_wconf 88' lang='lat' dir='ltr'>habet</span> <span class='ocrx_word' id='word_1_209' title='bbox 1762 1928 1799 1988; x_wconf 90' lang='lat' dir='ltr'>ad</span> <span class='ocrx_word' id='word_1_210' title='bbox 1825 1923 1923 1988; x_wconf 85' lang='lat' dir='ltr'>essen-</span> 
     </span>
     <span class='ocr_line' id='line_1_19' title="bbox 325 2001 1924 2092; baseline -0.008 -13"><span class='ocrx_word' id='word_1_211' title='bbox 325 2084 329 2088; x_wconf 24' lang='lat'>,</span> <span class='ocrx_word' id='word_1_212' title='bbox 403 2017 613 2092; x_wconf 84' lang='lat' dir='ltr'>rupertaiiut</span> <span class='ocrx_word' id='word_1_213' title='bbox 635 2010 679 2077; x_wconf 88' lang='lat' dir='ltr'>est</span> <span class='ocrx_word' id='word_1_214' title='bbox 701 2013 820 2086; x_wconf 81' lang='lat' dir='ltr'>propria</span> <span class='ocrx_word' id='word_1_215' title='bbox 841 2007 912 2070; x_wconf 88' lang='lat' dir='ltr'>talis</span> <span class='ocrx_word' id='word_1_216' title='bbox 933 2005 981 2068; x_wconf 90' lang='lat' dir='ltr'>vel</span> <span class='ocrx_word' id='word_1_217' title='bbox 1003 2001 1131 2069; x_wconf 87' lang='lat' dir='ltr'>talisln·</span> <span class='ocrx_word' id='word_1_218' title='bbox 1167 2009 1242 2070; x_wconf 86' lang='lat' dir='ltr'>tiam</span> <span class='ocrx_word' id='word_1_219' title='bbox 1262 2008 1395 2081; x_wconf 85' lang='lat' dir='ltr'>pertinet</span> <span class='ocrx_word' id='word_1_220' title='bbox 1420 2008 1637 2083; x_wconf 86' lang='lat' dir='ltr'>paupertatis;</span> <span class='ocrx_word' id='word_1_221' title='bbox 1665 2003 1744 2071; x_wconf 84' lang='lat' dir='ltr'>&amp;fi</span> <span class='ocrx_word' id='word_1_222' title='bbox 1781 2004 1831 2068; x_wconf 93' lang='lat' dir='ltr'>uid</span> <span class='ocrx_word' id='word_1_223' title='bbox 1852 2002 1924 2067; x_wconf 86' lang='lat' dir='ltr'>inde</span> 
     </span>
     <span class='ocr_line' id='line_1_20' title="bbox 378 2027 1922 2173; baseline -0.01 -13"><span class='ocrx_word' id='word_1_224' title='bbox 378 2037 498 2173; x_wconf 62' lang='lat' dir='ltr'>sicuti,</span> <span class='ocrx_word' id='word_1_225' title='bbox 522 2116 592 2158; x_wconf 90' lang='lat' dir='ltr'>cuin</span> <span class='ocrx_word' id='word_1_226' title='bbox 608 2097 640 2156; x_wconf 91' lang='lat' dir='ltr'>iii</span> <span class='ocrx_word' id='word_1_227' title='bbox 663 2085 837 2166; x_wconf 84' lang='lat' dir='ltr'>quibusdam</span> <span class='ocrx_word' id='word_1_228' title='bbox 864 2082 1028 2153; x_wconf 87' lang='lat' dir='ltr'>Ordinibus</span> <span class='ocrx_word' id='word_1_229' title='bbox 1051 2104 1131 2159; x_wconf 83' lang='lat' dir='ltr'>quat·</span> <span class='ocrx_word' id='word_1_230' title='bbox 1167 2091 1284 2151; x_wconf 89' lang='lat' dir='ltr'>minuas</span> <span class='ocrx_word' id='word_1_231' title='bbox 1304 2106 1338 2150; x_wconf 90' lang='lat' dir='ltr'>ac</span> <span class='ocrx_word' id='word_1_232' title='bbox 1355 2086 1482 2162; x_wconf 88' lang='lat' dir='ltr'>demas,</span> <span class='ocrx_word' id='word_1_233' title='bbox 1512 2084 1568 2149; x_wconf 85' lang='lat' dir='ltr'>lioc</span> <span class='ocrx_word' id='word_1_234' title='bbox 1590 2086 1652 2161; x_wconf 90' lang='lat' dir='ltr'>ipso</span> <span class='ocrx_word' id='word_1_235' title='bbox 1667 2027 1814 2162; x_wconf 64' lang='lat' dir='ltr'>deperibit</span> <span class='ocrx_word' id='word_1_236' title='bbox 1837 2084 1922 2146; x_wconf 86' lang='lat' dir='ltr'>Reli·</span> 
     </span>
     <span class='ocr_line' id='line_1_21' title="bbox 378 2160 1923 2252; baseline -0.006 -14"><span class='ocrx_word' id='word_1_237' title='bbox 378 2174 446 2238; x_wconf 91' lang='lat' dir='ltr'>dam</span> <span class='ocrx_word' id='word_1_238' title='bbox 467 2178 705 2252; x_wconf 84' lang='lat' dir='ltr'>permittantur,</span> <span class='ocrx_word' id='word_1_239' title='bbox 727 2188 794 2245; x_wconf 85' lang='lat' dir='ltr'>quae</span> <span class='ocrx_word' id='word_1_240' title='bbox 823 2187 883 2229; x_wconf 90' lang='lat' dir='ltr'>non</span> <span class='ocrx_word' id='word_1_241' title='bbox 913 2180 1131 2240; x_wconf 89' lang='lat' dir='ltr'>permittuntur</span> <span class='ocrx_word' id='word_1_242' title='bbox 1166 2163 1247 2244; x_wconf 82' lang='lat' dir='ltr'>glosa</span> <span class='ocrx_word' id='word_1_243' title='bbox 1273 2182 1458 2244; x_wconf 84' lang='lat' dir='ltr'>paupertas.</span> <span class='ocrx_word' id='word_1_244' title='bbox 1490 2166 1535 2230; x_wconf 80' lang='lat' dir='ltr'>At</span> <span class='ocrx_word' id='word_1_245' title='bbox 1568 2184 1643 2229; x_wconf 85' lang='lat' dir='ltr'>vero</span> <span class='ocrx_word' id='word_1_246' title='bbox 1663 2160 1923 2242; x_wconf 87' lang='lat' dir='ltr'>particularisseu</span> 
     </span>
     <span class='ocr_line' id='line_1_22' title="bbox 377 2241 1922 2330; baseline -0.003 -15"><span class='ocrx_word' id='word_1_247' title='bbox 377 2255 409 2318; x_wconf 90' lang='lat' dir='ltr'>iii</span> <span class='ocrx_word' id='word_1_248' title='bbox 429 2255 513 2330; x_wconf 91' lang='lat' dir='ltr'>aliis,</span> <span class='ocrx_word' id='word_1_249' title='bbox 545 2269 652 2330; x_wconf 91' lang='lat' dir='ltr'>utpote</span> <span class='ocrx_word' id='word_1_250' title='bbox 672 2269 777 2315; x_wconf 89' lang='lat' dir='ltr'>eorum</span> <span class='ocrx_word' id='word_1_251' title='bbox 794 2245 941 2310; x_wconf 84' lang='lat' dir='ltr'>institutis</span> <span class='ocrx_word' id='word_1_252' title='bbox 961 2263 1130 2322; x_wconf 79' lang='lat' dir='ltr'>repugnan·</span> <span class='ocrx_word' id='word_1_253' title='bbox 1166 2245 1369 2311; x_wconf 88' lang='lat' dir='ltr'>accidentaria</span> <span class='ocrx_word' id='word_1_254' title='bbox 1390 2263 1551 2322; x_wconf 76' lang='lat' dir='ltr'>paupertas</span> <span class='ocrx_word' id='word_1_255' title='bbox 1575 2243 1713 2321; x_wconf 71' lang='lat' dir='ltr'>adiungit</span> <span class='ocrx_word' id='word_1_256' title='bbox 1734 2247 1866 2321; x_wconf 77' lang='lat' dir='ltr'>rigorem</span> <span class='ocrx_word' id='word_1_257' title='bbox 1886 2241 1922 2311; x_wconf 86' lang='lat' dir='ltr'>dt</span> 
     </span>
     <span class='ocr_line' id='line_1_23' title="bbox 377 2322 1923 2401; baseline -0.008 -4"><span class='ocrx_word' id='word_1_258' title='bbox 377 2335 439 2397; x_wconf 89' lang='lat' dir='ltr'>tia.</span> <span class='ocrx_word' id='word_1_259' title='bbox 1165 2324 1394 2391; x_wconf 77' lang='lat' dir='ltr'>observantiam</span> <span class='ocrx_word' id='word_1_260' title='bbox 1410 2324 1545 2400; x_wconf 85' lang='lat' dir='ltr'>aliquam</span> <span class='ocrx_word' id='word_1_261' title='bbox 1563 2323 1778 2401; x_wconf 87' lang='lat' dir='ltr'>particularem</span> <span class='ocrx_word' id='word_1_262' title='bbox 1795 2344 1849 2400; x_wconf 93' lang='lat' dir='ltr'>pro</span> <span class='ocrx_word' id='word_1_263' title='bbox 1860 2322 1923 2385; x_wconf 86' lang='lat' dir='ltr'>Re·</span> 
     </span>
     <span class='ocr_line' id='line_1_24' title="bbox 414 2401 1922 2488; baseline -0.006 -12"><span class='ocrx_word' id='word_1_264' title='bbox 414 2412 500 2476; x_wconf 89' lang='lat' dir='ltr'>Nota</span> <span class='ocrx_word' id='word_1_265' title='bbox 515 2457 524 2488; x_wconf 92' lang='lat'>,</span> <span class='ocrx_word' id='word_1_266' title='bbox 538 2409 621 2488; x_wconf 86' lang='lat' dir='ltr'>quod</span> <span class='ocrx_word' id='word_1_267' title='bbox 636 2430 705 2474; x_wconf 87' lang='lat' dir='ltr'>cum</span> <span class='ocrx_word' id='word_1_268' title='bbox 721 2403 887 2481; x_wconf 79' lang='lat' dir='ltr'>Religiosus</span> <span class='ocrx_word' id='word_1_269' title='bbox 906 2402 945 2469; x_wconf 93' lang='lat' dir='ltr'>ob</span> <span class='ocrx_word' id='word_1_270' title='bbox 968 2420 1128 2481; x_wconf 91' lang='lat' dir='ltr'>pauperta-</span> <span class='ocrx_word' id='word_1_271' title='bbox 1164 2405 1303 2483; x_wconf 80' lang='lat' dir='ltr'>gularuiii</span> <span class='ocrx_word' id='word_1_272' title='bbox 1328 2405 1362 2471; x_wconf 83' lang='lat' dir='ltr'>dt</span> <span class='ocrx_word' id='word_1_273' title='bbox 1377 2401 1641 2469; x_wconf 80' lang='lat' dir='ltr'>constitutionum</span> <span class='ocrx_word' id='word_1_274' title='bbox 1668 2401 1845 2468; x_wconf 83' lang='lat' dir='ltr'>diversitate</span> <span class='ocrx_word' id='word_1_275' title='bbox 1873 2402 1922 2467; x_wconf 91' lang='lat' dir='ltr'>su·</span> 
     </span>
     <span class='ocr_line' id='line_1_25' title="bbox 376 2480 1921 2562; baseline -0.005 -10"><span class='ocrx_word' id='word_1_276' title='bbox 376 2492 418 2554; x_wconf 91' lang='lat' dir='ltr'>tis</span> <span class='ocrx_word' id='word_1_277' title='bbox 440 2510 549 2555; x_wconf 88' lang='lat' dir='ltr'>votum</span> <span class='ocrx_word' id='word_1_278' title='bbox 563 2493 647 2556; x_wconf 89' lang='lat' dir='ltr'>omni</span> <span class='ocrx_word' id='word_1_279' title='bbox 669 2488 821 2551; x_wconf 87' lang='lat' dir='ltr'>sacultate</span> <span class='ocrx_word' id='word_1_280' title='bbox 841 2481 1016 2560; x_wconf 89' lang='lat' dir='ltr'>disponendi</span> <span class='ocrx_word' id='word_1_281' title='bbox 1037 2485 1075 2545; x_wconf 91' lang='lat' dir='ltr'>de</span> <span class='ocrx_word' id='word_1_282' title='bbox 1095 2503 1129 2546; x_wconf 92' lang='lat' dir='ltr'>re</span> <span class='ocrx_word' id='word_1_283' title='bbox 1166 2504 1219 2561; x_wconf 87' lang='lat' dir='ltr'>pra</span> <span class='ocrx_word' id='word_1_284' title='bbox 1235 2485 1263 2546; x_wconf 93' lang='lat' dir='ltr'>id</span> <span class='ocrx_word' id='word_1_285' title='bbox 1281 2484 1360 2562; x_wconf 88' lang='lat' dir='ltr'>quod</span> <span class='ocrx_word' id='word_1_286' title='bbox 1384 2486 1467 2547; x_wconf 86' lang='lat' dir='ltr'>omni</span> <span class='ocrx_word' id='word_1_287' title='bbox 1489 2480 1652 2561; x_wconf 78' lang='lat' dir='ltr'>Religiosae</span> <span class='ocrx_word' id='word_1_288' title='bbox 1681 2484 1856 2558; x_wconf 91' lang='lat' dir='ltr'>paupertati</span> <span class='ocrx_word' id='word_1_289' title='bbox 1873 2480 1921 2545; x_wconf 90' lang='lat' dir='ltr'>es·</span> 
     </span>
     <span class='ocr_line' id='line_1_26' title="bbox 367 2557 1920 2646; baseline -0.007 -13"><span class='ocrx_word' id='word_1_290' title='bbox 367 2570 478 2646; x_wconf 82' lang='lat' dir='ltr'>aliqui</span> <span class='ocrx_word' id='word_1_291' title='bbox 500 2565 773 2645; x_wconf 86' lang='lat' dir='ltr'>pretioaeslimabili</span> <span class='ocrx_word' id='word_1_292' title='bbox 790 2566 948 2641; x_wconf 82' lang='lat' dir='ltr'>privetur,</span> <span class='ocrx_word' id='word_1_293' title='bbox 967 2561 987 2622; x_wconf 89' lang='lat' dir='ltr'>si</span> <span class='ocrx_word' id='word_1_294' title='bbox 1008 2581 1047 2625; x_wconf 89' lang='lat' dir='ltr'>eit</span> <span class='ocrx_word' id='word_1_295' title='bbox 1064 2582 1128 2636; x_wconf 87' lang='lat' dir='ltr'>pro·</span> <span class='ocrx_word' id='word_1_296' title='bbox 1166 2564 1292 2628; x_wconf 86' lang='lat' dir='ltr'>sentiale</span> <span class='ocrx_word' id='word_1_297' title='bbox 1307 2560 1366 2627; x_wconf 83' lang='lat' dir='ltr'>esi.</span> <span class='ocrx_word' id='word_1_298' title='bbox 1389 2562 1490 2627; x_wconf 80' lang='lat' dir='ltr'>Esica</span> <span class='ocrx_word' id='word_1_299' title='bbox 1510 2558 1601 2627; x_wconf 85' lang='lat' dir='ltr'>sicile</span> <span class='ocrx_word' id='word_1_300' title='bbox 1620 2564 1770 2640; x_wconf 74' lang='lat' dir='ltr'>contingit</span> <span class='ocrx_word' id='word_1_301' title='bbox 1789 2611 1797 2639; x_wconf 94' lang='lat'>,</span> <span class='ocrx_word' id='word_1_302' title='bbox 1819 2579 1855 2624; x_wconf 87' lang='lat' dir='ltr'>uc</span> <span class='ocrx_word' id='word_1_303' title='bbox 1872 2557 1920 2622; x_wconf 89' lang='lat' dir='ltr'>iis·</span> 
     </span>
     <span class='ocr_line' id='line_1_27' title="bbox 373 2638 1922 2725; baseline -0.008 -13"><span class='ocrx_word' id='word_1_304' title='bbox 373 2652 442 2725; x_wconf 85' lang='lat' dir='ltr'>prio</span> <span class='ocrx_word' id='word_1_305' title='bbox 462 2647 615 2714; x_wconf 88' lang='lat' dir='ltr'>arbitratu</span> <span class='ocrx_word' id='word_1_306' title='bbox 634 2642 922 2720; x_wconf 86' lang='lat' dir='ltr'>&amp;independenter</span> <span class='ocrx_word' id='word_1_307' title='bbox 942 2638 1129 2714; x_wconf 73' lang='lat' dir='ltr'>aconcesl&#39;io·</span> <span class='ocrx_word' id='word_1_308' title='bbox 1165 2644 1232 2706; x_wconf 89' lang='lat' dir='ltr'>dem</span> <span class='ocrx_word' id='word_1_309' title='bbox 1248 2645 1282 2705; x_wconf 93' lang='lat' dir='ltr'>in</span> <span class='ocrx_word' id='word_1_310' title='bbox 1296 2640 1532 2707; x_wconf 78' lang='lat' dir='ltr'>circumstantiis</span> <span class='ocrx_word' id='word_1_311' title='bbox 1548 2640 1653 2717; x_wconf 90' lang='lat' dir='ltr'>aliquis</span> <span class='ocrx_word' id='word_1_312' title='bbox 1670 2639 1838 2719; x_wconf 74' lang='lat' dir='ltr'>Religiolus</span> <span class='ocrx_word' id='word_1_313' title='bbox 1856 2638 1922 2701; x_wconf 83' lang='lat' dir='ltr'>slsi-</span> 
     </span>
     <span class='ocr_line' id='line_1_28' title="bbox 367 2715 1921 2804; baseline -0.006 -13"><span class='ocrx_word' id='word_1_314' title='bbox 367 2748 413 2791; x_wconf 86' lang='lat' dir='ltr'>ne</span> <span class='ocrx_word' id='word_1_315' title='bbox 431 2727 601 2804; x_wconf 83' lang='lat' dir='ltr'>Superioris</span> <span class='ocrx_word' id='word_1_316' title='bbox 622 2725 735 2801; x_wconf 87' lang='lat' dir='ltr'>aliquid</span> <span class='ocrx_word' id='word_1_317' title='bbox 754 2724 849 2785; x_wconf 85' lang='lat' dir='ltr'>donet</span> <span class='ocrx_word' id='word_1_318' title='bbox 865 2769 874 2799; x_wconf 94' lang='lat'>‚</span> <span class='ocrx_word' id='word_1_319' title='bbox 889 2722 939 2784; x_wconf 87' lang='lat' dir='ltr'>vel</span> <span class='ocrx_word' id='word_1_320' title='bbox 949 2724 1057 2796; x_wconf 89' lang='lat' dir='ltr'>quovis</span> <span class='ocrx_word' id='word_1_321' title='bbox 1068 2721 1130 2784; x_wconf 86' lang='lat' dir='ltr'>alio</span> <span class='ocrx_word' id='word_1_322' title='bbox 1164 2721 1263 2785; x_wconf 75' lang='lat' dir='ltr'>illotis</span> <span class='ocrx_word' id='word_1_323' title='bbox 1292 2721 1416 2784; x_wconf 85' lang='lat' dir='ltr'>Ordinis</span> <span class='ocrx_word' id='word_1_324' title='bbox 1437 2769 1446 2798; x_wconf 89' lang='lat'>‚</span> <span class='ocrx_word' id='word_1_325' title='bbox 1474 2738 1547 2797; x_wconf 90' lang='lat' dir='ltr'>puta</span> <span class='ocrx_word' id='word_1_326' title='bbox 1566 2721 1757 2798; x_wconf 85' lang='lat' dir='ltr'>Capuccinus</span> <span class='ocrx_word' id='word_1_327' title='bbox 1785 2738 1840 2784; x_wconf 88' lang='lat' dir='ltr'>aut</span> <span class='ocrx_word' id='word_1_328' title='bbox 1863 2715 1921 2781; x_wconf 90' lang='lat' dir='ltr'>dis·</span> 
     </span>
     <span class='ocr_line' id='line_1_29' title="bbox 372 2797 1920 2877; baseline -0.005 -8"><span class='ocrx_word' id='word_1_329' title='bbox 372 2809 465 2869; x_wconf 81' lang='lat' dir='ltr'>niodo</span> <span class='ocrx_word' id='word_1_330' title='bbox 486 2808 601 2869; x_wconf 84' lang='lat' dir='ltr'>alienet</span> <span class='ocrx_word' id='word_1_331' title='bbox 623 2804 683 2866; x_wconf 89' lang='lat' dir='ltr'>sine</span> <span class='ocrx_word' id='word_1_332' title='bbox 707 2802 878 2877; x_wconf 78' lang='lat' dir='ltr'>Superioris</span> <span class='ocrx_word' id='word_1_333' title='bbox 907 2799 1056 2873; x_wconf 89' lang='lat' dir='ltr'>licentia,</span> <span class='ocrx_word' id='word_1_334' title='bbox 1078 2802 1126 2875; x_wconf 83' lang='lat' dir='ltr'>qui</span> <span class='ocrx_word' id='word_1_335' title='bbox 1163 2800 1318 2866; x_wconf 89' lang='lat' dir='ltr'>calceatus</span> <span class='ocrx_word' id='word_1_336' title='bbox 1337 2801 1503 2866; x_wconf 84' lang='lat' dir='ltr'>Carmelita</span> <span class='ocrx_word' id='word_1_337' title='bbox 1529 2816 1634 2877; x_wconf 79' lang='lat' dir='ltr'>peccet</span> <span class='ocrx_word' id='word_1_338' title='bbox 1650 2797 1825 2863; x_wconf 88' lang='lat' dir='ltr'>mortaliter</span> <span class='ocrx_word' id='word_1_339' title='bbox 1843 2818 1920 2863; x_wconf 87' lang='lat' dir='ltr'>con·</span> 
     </span>
     <span class='ocr_line' id='line_1_30' title="bbox 372 2877 1954 2961; baseline -0.003 -14"><span class='ocrx_word' id='word_1_340' title='bbox 372 2904 442 2947; x_wconf 90' lang='lat' dir='ltr'>rem</span> <span class='ocrx_word' id='word_1_341' title='bbox 463 2882 706 2960; x_wconf 86' lang='lat' dir='ltr'>accepit‚illam</span> <span class='ocrx_word' id='word_1_342' title='bbox 723 2878 884 2944; x_wconf 78' lang='lat' dir='ltr'>relliruere</span> <span class='ocrx_word' id='word_1_343' title='bbox 900 2893 1026 2943; x_wconf 87' lang='lat' dir='ltr'>tenetur</span> <span class='ocrx_word' id='word_1_344' title='bbox 1044 2879 1128 2944; x_wconf 84' lang='lat' dir='ltr'>Reli·</span> <span class='ocrx_word' id='word_1_345' title='bbox 1165 2901 1213 2946; x_wconf 91' lang='lat' dir='ltr'>tra</span> <span class='ocrx_word' id='word_1_346' title='bbox 1233 2877 1394 2960; x_wconf 85' lang='lat' dir='ltr'>professam</span> <span class='ocrx_word' id='word_1_347' title='bbox 1426 2897 1665 2961; x_wconf 78' lang='lat' dir='ltr'>paupertatem,</span> <span class='ocrx_word' id='word_1_348' title='bbox 1693 2878 1851 2955; x_wconf 82' lang='lat' dir='ltr'>inquibus</span> <span class='ocrx_word' id='word_1_349' title='bbox 1872 2895 1920 2943; x_wconf 91' lang='lat' dir='ltr'>ta·</span> <span class='ocrx_word' id='word_1_350' title='bbox 1952 2898 1954 2904; x_wconf 74' lang='grc'>’</span> 
     </span>
     <span class='ocr_line' id='line_1_31' title="bbox 375 2959 1920 3041; baseline 0 -18"><span class='ocrx_word' id='word_1_351' title='bbox 375 2964 484 3041; x_wconf 66' lang='lat' dir='ltr'>pioni.</span> <span class='ocrx_word' id='word_1_352' title='bbox 502 2964 549 3028; x_wconf 86' lang='lat' dir='ltr'>Sic</span> <span class='ocrx_word' id='word_1_353' title='bbox 564 2980 670 3028; x_wconf 90' lang='lat' dir='ltr'>omnes</span> <span class='ocrx_word' id='word_1_354' title='bbox 689 2960 907 3024; x_wconf 87' lang='lat' dir='ltr'>communiter.</span> <span class='ocrx_word' id='word_1_355' title='bbox 1162 2981 1233 3024; x_wconf 86' lang='lat' dir='ltr'>men</span> <span class='ocrx_word' id='word_1_356' title='bbox 1257 2959 1423 3039; x_wconf 77' lang='lat' dir='ltr'>Religiosus</span> <span class='ocrx_word' id='word_1_357' title='bbox 1447 2960 1554 3038; x_wconf 87' lang='lat' dir='ltr'>aliquis</span> <span class='ocrx_word' id='word_1_358' title='bbox 1578 2959 1704 3023; x_wconf 82' lang='lat' dir='ltr'>laxioris</span> <span class='ocrx_word' id='word_1_359' title='bbox 1727 2978 1764 3023; x_wconf 89' lang='lat' dir='ltr'>ac</span> <span class='ocrx_word' id='word_1_360' title='bbox 1783 2961 1920 3023; x_wconf 84' lang='lat' dir='ltr'>mitioris</span> 
     </span>
     <span class='ocr_line' id='line_1_32' title="bbox 1164 3034 1922 3120; baseline 0 -19"><span class='ocrx_word' id='word_1_361' title='bbox 1164 3037 1315 3117; x_wconf 87' lang='lat' dir='ltr'>lnslituti,</span> <span class='ocrx_word' id='word_1_362' title='bbox 1333 3060 1362 3103; x_wconf 92' lang='lat' dir='ltr'>v.</span> <span class='ocrx_word' id='word_1_363' title='bbox 1380 3062 1407 3120; x_wconf 76' lang='lat' dir='ltr'>g.</span> <span class='ocrx_word' id='word_1_364' title='bbox 1428 3038 1637 3105; x_wconf 80' lang='lat' dir='ltr'>Benedidlinus</span> <span class='ocrx_word' id='word_1_365' title='bbox 1660 3034 1793 3116; x_wconf 84' lang='lat' dir='ltr'>provisus</span> <span class='ocrx_word' id='word_1_366' title='bbox 1812 3038 1850 3102; x_wconf 89' lang='lat' dir='ltr'>de</span> <span class='ocrx_word' id='word_1_367' title='bbox 1869 3039 1922 3103; x_wconf 90' lang='lat' dir='ltr'>be·</span> 
     </span>
     <span class='ocr_line' id='line_1_33' title="bbox 659 3113 1919 3199; baseline -0.004 -14"><span class='ocrx_word' id='word_1_368' title='bbox 659 3125 685 3185; x_wconf 81' lang='lat'>§-</span> <span class='ocrx_word' id='word_1_369' title='bbox 728 3113 832 3181; x_wconf 80' lang='lat' dir='ltr'>xlx.</span> <span class='ocrx_word' id='word_1_370' title='bbox 1163 3117 1299 3199; x_wconf 83' lang='lat' dir='ltr'>nesicio,</span> <span class='ocrx_word' id='word_1_371' title='bbox 1321 3120 1372 3184; x_wconf 88' lang='lat' dir='ltr'>vel</span> <span class='ocrx_word' id='word_1_372' title='bbox 1394 3121 1430 3184; x_wconf 89' lang='lat' dir='ltr'>de</span> <span class='ocrx_word' id='word_1_373' title='bbox 1452 3121 1591 3196; x_wconf 84' lang='lat' dir='ltr'>pensione</span> <span class='ocrx_word' id='word_1_374' title='bbox 1612 3117 1756 3197; x_wconf 79' lang='lat' dir='ltr'>Regulari</span> <span class='ocrx_word' id='word_1_375' title='bbox 1783 3118 1919 3181; x_wconf 88' lang='lat' dir='ltr'>nullate·</span> 
     </span>
     <span class='ocr_line' id='line_1_34' title="bbox 467 3196 1918 3344; baseline -0.003 -1"><span class='ocrx_word' id='word_1_376' title='bbox 467 3240 514 3299; x_wconf 64' lang='lat'>¹³2</span> <span class='ocrx_word' id='word_1_377' title='bbox 531 3236 615 3300; x_wconf 68' lang='lat' dir='ltr'>tv</span> <span class='ocrx_word' id='word_1_378' title='bbox 631 3232 814 3315; x_wconf 58' lang='lat' dir='ltr'>trivii</span> <span class='ocrx_word' id='word_1_379' title='bbox 834 3250 854 3294; x_wconf 68' lang='lat'><strong><em>⁶</em></strong></span> <span class='ocrx_word' id='word_1_380' title='bbox 874 3205 1026 3315; x_wconf 60' lang='lat' dir='ltr'>itum</span> <span class='ocrx_word' id='word_1_381' title='bbox 1162 3196 1918 3344; x_wconf 51' lang='lat' dir='ltr'>inuisissimisilirliiii</span> 
     </span>
     <span class='ocr_line' id='line_1_35' title="bbox 501 3301 1918 3446; baseline -0.004 -26"><span class='ocrx_word' id='word_1_382' title='bbox 501 3434 507 3446; x_wconf 38' lang='lat'><strong>·</strong></span> <span class='ocrx_word' id='word_1_383' title='bbox 656 3313 837 3446; x_wconf 52' lang='lat' dir='ltr'>mam·</span> <span class='ocrx_word' id='word_1_384' title='bbox 1163 3359 1254 3422; x_wconf 88' lang='lat' dir='ltr'>liceat</span> <span class='ocrx_word' id='word_1_385' title='bbox 1275 3358 1345 3423; x_wconf 90' lang='lat' dir='ltr'>liuic</span> <span class='ocrx_word' id='word_1_386' title='bbox 1374 3359 1424 3423; x_wconf 92' lang='lat' dir='ltr'>vel</span> <span class='ocrx_word' id='word_1_387' title='bbox 1452 3359 1497 3422; x_wconf 92' lang='lat' dir='ltr'>illi</span> <span class='ocrx_word' id='word_1_388' title='bbox 1527 3301 1678 3432; x_wconf 74' lang='lat' dir='ltr'>Religioso</span> <span class='ocrx_word' id='word_1_389' title='bbox 1704 3357 1785 3416; x_wconf 86' lang='lat' dir='ltr'>circa</span> <span class='ocrx_word' id='word_1_390' title='bbox 1805 3349 1918 3429; x_wconf 85' lang='lat' dir='ltr'>prosel-</span> 
     </span>
     <span class='ocr_line' id='line_1_36' title="bbox 407 3426 1919 3514; baseline 0.002 -21"><span class='ocrx_word' id='word_1_391' title='bbox 407 3428 524 3496; x_wconf 88' lang='lat' dir='ltr'>Gravis</span> <span class='ocrx_word' id='word_1_392' title='bbox 557 3427 696 3495; x_wconf 88' lang='lat' dir='ltr'>versatur</span> <span class='ocrx_word' id='word_1_393' title='bbox 720 3448 802 3494; x_wconf 85' lang='lat' dir='ltr'>inter</span> <span class='ocrx_word' id='word_1_394' title='bbox 821 3430 889 3494; x_wconf 88' lang='lat' dir='ltr'>DD.</span> <span class='ocrx_word' id='word_1_395' title='bbox 914 3426 1125 3495; x_wconf 89' lang='lat' dir='ltr'>controversia</span> <span class='ocrx_word' id='word_1_396' title='bbox 1163 3435 1307 3501; x_wconf 79' lang='lat' dir='ltr'>simale</span> <span class='ocrx_word' id='word_1_397' title='bbox 1332 3454 1576 3514; x_wconf 83' lang='lat' dir='ltr'>paupertatem,</span> <span class='ocrx_word' id='word_1_398' title='bbox 1602 3433 1806 3508; x_wconf 84' lang='lat' dir='ltr'>&amp;quodnam</span> <span class='ocrx_word' id='word_1_399' title='bbox 1826 3452 1919 3506; x_wconf 90' lang='lat' dir='ltr'>pecu·</span> 
     </span>
     <span class='ocr_line' id='line_1_37' title="bbox 367 3508 1917 3589; baseline -0.008 -2"><span class='ocrx_word' id='word_1_400' title='bbox 367 3510 449 3575; x_wconf 63' lang='lat'>‘5¹⁶⁸</span> <span class='ocrx_word' id='word_1_401' title='bbox 471 3510 619 3587; x_wconf 61' lang='lat' dir='ltr'>vesullum</span> <span class='ocrx_word' id='word_1_402' title='bbox 636 3508 854 3589; x_wconf 68' lang='lat' dir='ltr'>RellsslOlOWm</span> <span class='ocrx_word' id='word_1_403' title='bbox 876 3510 1126 3586; x_wconf 88' lang='lat' dir='ltr'>inparticiilari,</span> <span class='ocrx_word' id='word_1_404' title='bbox 1163 3519 1237 3578; x_wconf 91' lang='lat' dir='ltr'>lium</span> <span class='ocrx_word' id='word_1_405' title='bbox 1258 3516 1308 3579; x_wconf 89' lang='lat' dir='ltr'>vel</span> <span class='ocrx_word' id='word_1_406' title='bbox 1327 3515 1381 3579; x_wconf 87' lang='lat' dir='ltr'>iste</span> <span class='ocrx_word' id='word_1_407' title='bbox 1413 3516 1465 3580; x_wconf 88' lang='lat' dir='ltr'>vel</span> <span class='ocrx_word' id='word_1_408' title='bbox 1486 3515 1539 3578; x_wconf 88' lang='lat' dir='ltr'>ille</span> <span class='ocrx_word' id='word_1_409' title='bbox 1564 3508 1735 3589; x_wconf 75' lang='lat' dir='ltr'>Religiosus</span> <span class='ocrx_word' id='word_1_410' title='bbox 1757 3512 1842 3574; x_wconf 92' lang='lat' dir='ltr'>licite</span> <span class='ocrx_word' id='word_1_411' title='bbox 1859 3527 1917 3575; x_wconf 87' lang='lat' dir='ltr'>aut</span> 
     </span>
     <span class='ocr_line' id='line_1_38' title="bbox 369 3585 1918 3669; baseline 0.001 -16"><span class='ocrx_word' id='word_1_412' title='bbox 369 3606 477 3669; x_wconf 87' lang='lat' dir='ltr'>nempe</span> <span class='ocrx_word' id='word_1_413' title='bbox 493 3588 528 3652; x_wconf 90' lang='lat' dir='ltr'>de</span> <span class='ocrx_word' id='word_1_414' title='bbox 546 3590 721 3664; x_wconf 86' lang='lat' dir='ltr'>particulari</span> <span class='ocrx_word' id='word_1_415' title='bbox 743 3588 798 3653; x_wconf 92' lang='lat' dir='ltr'>usu</span> <span class='ocrx_word' id='word_1_416' title='bbox 812 3585 952 3665; x_wconf 76' lang='lat' dir='ltr'>Religiosi</span> <span class='ocrx_word' id='word_1_417' title='bbox 969 3589 1002 3650; x_wconf 86' lang='lat' dir='ltr'>ita</span> <span class='ocrx_word' id='word_1_418' title='bbox 1019 3590 1075 3665; x_wconf 86' lang='lat' dir='ltr'>iis,</span> <span class='ocrx_word' id='word_1_419' title='bbox 1093 3593 1126 3653; x_wconf 89' lang='lat' dir='ltr'>in</span> <span class='ocrx_word' id='word_1_420' title='bbox 1162 3595 1267 3658; x_wconf 87' lang='lat' dir='ltr'>illicite</span> <span class='ocrx_word' id='word_1_421' title='bbox 1297 3590 1406 3659; x_wconf 87' lang='lat' dir='ltr'>habere</span> <span class='ocrx_word' id='word_1_422' title='bbox 1431 3592 1545 3668; x_wconf 80' lang='lat' dir='ltr'>poisat.</span> <span class='ocrx_word' id='word_1_423' title='bbox 1574 3591 1624 3656; x_wconf 90' lang='lat' dir='ltr'>lta</span> <span class='ocrx_word' id='word_1_424' title='bbox 1649 3590 1803 3655; x_wconf 81' lang='lat' dir='ltr'>Cabassut,</span> <span class='ocrx_word' id='word_1_425' title='bbox 1835 3589 1918 3656; x_wconf 88' lang='lat' dir='ltr'>luris</span> 
     </span>
     <span class='ocr_line' id='line_1_39' title="bbox 367 3667 1681 3750; baseline -0.002 -18"><span class='ocrx_word' id='word_1_426' title='bbox 367 3669 476 3744; x_wconf 78' lang='lat' dir='ltr'>quibus</span> <span class='ocrx_word' id='word_1_427' title='bbox 497 3668 692 3749; x_wconf 81' lang='lat' dir='ltr'>aReligionc</span> <span class='ocrx_word' id='word_1_428' title='bbox 720 3688 782 3733; x_wconf 92' lang='lat' dir='ltr'>non</span> <span class='ocrx_word' id='word_1_429' title='bbox 809 3667 990 3745; x_wconf 88' lang='lat' dir='ltr'>providetur</span> <span class='ocrx_word' id='word_1_430' title='bbox 1015 3667 1052 3730; x_wconf 90' lang='lat' dir='ltr'>ad</span> <span class='ocrx_word' id='word_1_431' title='bbox 1072 3668 1126 3733; x_wconf 84' lang='lat' dir='ltr'>lto·</span> <span class='ocrx_word' id='word_1_432' title='bbox 1160 3675 1236 3738; x_wconf 85' lang='lat' dir='ltr'>Caii.</span> <span class='ocrx_word' id='word_1_433' title='bbox 1253 3671 1365 3739; x_wconf 84' lang='lat' dir='ltr'>Tbeor.</span> <span class='ocrx_word' id='word_1_434' title='bbox 1383 3671 1418 3740; x_wconf 84' lang='lat' dir='ltr'>dt</span> <span class='ocrx_word' id='word_1_435' title='bbox 1436 3672 1530 3739; x_wconf 77' lang='lat' dir='ltr'>Prasl·</span> <span class='ocrx_word' id='word_1_436' title='bbox 1551 3692 1616 3750; x_wconf 90' lang='lat' dir='ltr'>cap.</span> <span class='ocrx_word' id='word_1_437' title='bbox 1632 3687 1681 3733; x_wconf 85' lang='lat' dir='ltr'>aa.</span> 
     </span>
     <span class='ocr_line' id='line_1_40' title="bbox 369 3746 1918 3830; baseline 0.002 -21"><span class='ocrx_word' id='word_1_438' title='bbox 369 3749 486 3813; x_wconf 88' lang='lat' dir='ltr'>nesiam</span> <span class='ocrx_word' id='word_1_439' title='bbox 502 3746 780 3823; x_wconf 79' lang='lat' dir='ltr'>sustentationem,</span> <span class='ocrx_word' id='word_1_440' title='bbox 799 3769 850 3825; x_wconf 89' lang='lat' dir='ltr'>per</span> <span class='ocrx_word' id='word_1_441' title='bbox 866 3768 902 3812; x_wconf 90' lang='lat' dir='ltr'>ea</span> <span class='ocrx_word' id='word_1_442' title='bbox 921 3766 991 3824; x_wconf 85' lang='lat' dir='ltr'>quae</span> <span class='ocrx_word' id='word_1_443' title='bbox 1012 3747 1064 3812; x_wconf 91' lang='lat' dir='ltr'>vel</span> <span class='ocrx_word' id='word_1_444' title='bbox 1086 3769 1124 3812; x_wconf 85' lang='lat' dir='ltr'>ert</span> <span class='ocrx_word' id='word_1_445' title='bbox 1199 3753 1289 3819; x_wconf 89' lang='lat' dir='ltr'>Nota</span> <span class='ocrx_word' id='word_1_446' title='bbox 1315 3772 1344 3821; x_wconf 81' lang='lat' dir='ltr'>a.</span> <span class='ocrx_word' id='word_1_447' title='bbox 1371 3755 1549 3830; x_wconf 89' lang='lat' dir='ltr'>peculium,</span> <span class='ocrx_word' id='word_1_448' title='bbox 1582 3752 1618 3815; x_wconf 90' lang='lat' dir='ltr'>de</span> <span class='ocrx_word' id='word_1_449' title='bbox 1646 3769 1708 3825; x_wconf 82' lang='lat' dir='ltr'>quo</span> <span class='ocrx_word' id='word_1_450' title='bbox 1723 3748 1773 3815; x_wconf 89' lang='lat' dir='ltr'>liic</span> <span class='ocrx_word' id='word_1_451' title='bbox 1793 3752 1918 3830; x_wconf 72' lang='lat' dir='ltr'>agitur,</span> 
     </span>
     <span class='ocr_line' id='line_1_41' title="bbox 368 3824 1917 3912; baseline 0.001 -23"><span class='ocrx_word' id='word_1_452' title='bbox 368 3825 575 3902; x_wconf 80' lang='lat' dir='ltr'>reservatione</span> <span class='ocrx_word' id='word_1_453' title='bbox 590 3824 671 3894; x_wconf 81' lang='lat' dir='ltr'>sasia</span> <span class='ocrx_word' id='word_1_454' title='bbox 692 3849 745 3907; x_wconf 86' lang='lat' dir='ltr'>per</span> <span class='ocrx_word' id='word_1_455' title='bbox 762 3824 945 3908; x_wconf 73' lang='lat' dir='ltr'>Religiosum</span> <span class='ocrx_word' id='word_1_456' title='bbox 965 3845 1039 3892; x_wconf 90' lang='lat' dir='ltr'>ante</span> <span class='ocrx_word' id='word_1_457' title='bbox 1055 3849 1123 3903; x_wconf 88' lang='lat' dir='ltr'>pro·</span> <span class='ocrx_word' id='word_1_458' title='bbox 1160 3835 1322 3912; x_wconf 82' lang='lat' dir='ltr'>tripliciter</span> <span class='ocrx_word' id='word_1_459' title='bbox 1344 3838 1436 3910; x_wconf 90' lang='lat' dir='ltr'>accipi</span> <span class='ocrx_word' id='word_1_460' title='bbox 1453 3834 1534 3910; x_wconf 73' lang='lat' dir='ltr'>posse</span> <span class='ocrx_word' id='word_1_461' title='bbox 1554 3876 1563 3894; x_wconf 92' lang='lat'><strong><em>.</em></strong></span> <span class='ocrx_word' id='word_1_462' title='bbox 1597 3849 1624 3894; x_wconf 89' lang='lat' dir='ltr'>i.</span> <span class='ocrx_word' id='word_1_463' title='bbox 1645 3829 1692 3893; x_wconf 92' lang='lat' dir='ltr'>Ut</span> <span class='ocrx_word' id='word_1_464' title='bbox 1714 3826 1752 3893; x_wconf 88' lang='lat' dir='ltr'>sit</span> <span class='ocrx_word' id='word_1_465' title='bbox 1768 3830 1798 3892; x_wconf 91' lang='lat' dir='ltr'>iri</span> <span class='ocrx_word' id='word_1_466' title='bbox 1818 3830 1917 3893; x_wconf 57' lang='lat' dir='ltr'>domi*</span> 
     </span>
     <span class='ocr_line' id='line_1_42' title="bbox 368 3901 1914 3991; baseline -0.001 -20"><span class='ocrx_word' id='word_1_467' title='bbox 368 3901 524 3973; x_wconf 82' lang='lat' dir='ltr'>sessionem</span> <span class='ocrx_word' id='word_1_468' title='bbox 551 3911 584 3971; x_wconf 91' lang='lat' dir='ltr'>in</span> <span class='ocrx_word' id='word_1_469' title='bbox 614 3913 740 3985; x_wconf 88' lang='lat' dir='ltr'>propriis</span> <span class='ocrx_word' id='word_1_470' title='bbox 759 3910 877 3986; x_wconf 89' lang='lat' dir='ltr'>bonis,</span> <span class='ocrx_word' id='word_1_471' title='bbox 905 3905 957 3972; x_wconf 88' lang='lat' dir='ltr'>vel</span> <span class='ocrx_word' id='word_1_472' title='bbox 984 3907 1021 3972; x_wconf 93' lang='lat' dir='ltr'>ab</span> <span class='ocrx_word' id='word_1_473' title='bbox 1042 3908 1123 3971; x_wconf 88' lang='lat' dir='ltr'>illius</span> <span class='ocrx_word' id='word_1_474' title='bbox 1159 3917 1211 3978; x_wconf 92' lang='lat' dir='ltr'>nio</span> <span class='ocrx_word' id='word_1_475' title='bbox 1229 3913 1263 3979; x_wconf 75' lang='grc' dir='ltr'><strong><em>ὰ</em></strong></span> <span class='ocrx_word' id='word_1_476' title='bbox 1279 3912 1432 3991; x_wconf 82' lang='lat' dir='ltr'>potestate</span> <span class='ocrx_word' id='word_1_477' title='bbox 1450 3913 1620 3989; x_wconf 86' lang='lat' dir='ltr'>possessoris</span> <span class='ocrx_word' id='word_1_478' title='bbox 1640 3953 1650 3972; x_wconf 87' lang='lat'><strong>.</strong></span> <span class='ocrx_word' id='word_1_479' title='bbox 1671 3928 1699 3969; x_wconf 83' lang='lat' dir='ltr'>a.</span> <span class='ocrx_word' id='word_1_480' title='bbox 1716 3924 1752 3971; x_wconf 91' lang='lat' dir='ltr'>ut</span> <span class='ocrx_word' id='word_1_481' title='bbox 1773 3904 1914 3972; x_wconf 86' lang='lat' dir='ltr'>versetur</span> 
     </span>
     <span class='ocr_line' id='line_1_43' title="bbox 367 3983 1915 4070; baseline -0.001 -20"><span class='ocrx_word' id='word_1_482' title='bbox 367 4003 528 4063; x_wconf 66' lang='lat' dir='ltr'>utentum</span> <span class='ocrx_word' id='word_1_483' title='bbox 545 3985 679 4052; x_wconf 88' lang='lat' dir='ltr'>eiusdem</span> <span class='ocrx_word' id='word_1_484' title='bbox 694 3989 814 4053; x_wconf 90' lang='lat' dir='ltr'>intuitu</span> <span class='ocrx_word' id='word_1_485' title='bbox 839 3984 1048 4065; x_wconf 81' lang='lat' dir='ltr'>designatione</span> <span class='ocrx_word' id='word_1_486' title='bbox 1068 3988 1122 4051; x_wconf 89' lang='lat' dir='ltr'>ob·</span> <span class='ocrx_word' id='word_1_487' title='bbox 1160 3997 1188 4055; x_wconf 90' lang='lat' dir='ltr'>in</span> <span class='ocrx_word' id='word_1_488' title='bbox 1210 3993 1302 4069; x_wconf 90' lang='lat' dir='ltr'>pleno</span> <span class='ocrx_word' id='word_1_489' title='bbox 1320 3994 1396 4070; x_wconf 93' lang='lat' dir='ltr'>usu,</span> <span class='ocrx_word' id='word_1_490' title='bbox 1417 3994 1466 4056; x_wconf 91' lang='lat' dir='ltr'>vel</span> <span class='ocrx_word' id='word_1_491' title='bbox 1489 3988 1669 4065; x_wconf 76' lang='lat' dir='ltr'>ususrusiu,</span> <span class='ocrx_word' id='word_1_492' title='bbox 1699 3986 1736 4049; x_wconf 82' lang='lat' dir='ltr'>de</span> <span class='ocrx_word' id='word_1_493' title='bbox 1763 4007 1825 4062; x_wconf 87' lang='lat' dir='ltr'>quo</span> <span class='ocrx_word' id='word_1_494' title='bbox 1849 3983 1915 4061; x_wconf 81' lang='lat' dir='ltr'>pos·</span> 
     </span>
     <span class='ocr_line' id='line_1_44' title="bbox 367 4065 1916 4147; baseline 0 -16"><span class='ocrx_word' id='word_1_495' title='bbox 367 4084 523 4133; x_wconf 74' lang='lat' dir='ltr'>venerunt</span> <span class='ocrx_word' id='word_1_496' title='bbox 543 4068 696 4147; x_wconf 79' lang='lat' dir='ltr'>Religioni</span> <span class='ocrx_word' id='word_1_497' title='bbox 719 4089 816 4144; x_wconf 75' lang='lat' dir='ltr'>,que</span> <span class='ocrx_word' id='word_1_498' title='bbox 836 4066 1123 4142; x_wconf 67' lang='lat' dir='ltr'>ineruditissimi,</span> <span class='ocrx_word' id='word_1_499' title='bbox 1157 4070 1194 4135; x_wconf 91' lang='lat' dir='ltr'>sit</span> <span class='ocrx_word' id='word_1_500' title='bbox 1211 4074 1276 4146; x_wconf 85' lang='lat' dir='ltr'>quis</span> <span class='ocrx_word' id='word_1_501' title='bbox 1292 4071 1330 4136; x_wconf 90' lang='lat' dir='ltr'>ad</span> <span class='ocrx_word' id='word_1_502' title='bbox 1354 4071 1475 4136; x_wconf 88' lang='lat' dir='ltr'>libitum</span> <span class='ocrx_word' id='word_1_503' title='bbox 1501 4070 1585 4135; x_wconf 91' lang='lat' dir='ltr'>suum</span> <span class='ocrx_word' id='word_1_504' title='bbox 1606 4065 1791 4142; x_wconf 85' lang='lat' dir='ltr'>disponere,·</span> <span class='ocrx_word' id='word_1_505' title='bbox 1820 4082 1916 4140; x_wconf 80' lang='lat' dir='ltr'>atque</span> 
     </span>
     <span class='ocr_line' id='line_1_45' title="bbox 366 4141 1916 4226; baseline -0.001 -17"><span class='ocrx_word' id='word_1_506' title='bbox 366 4144 420 4209; x_wconf 86' lang='lat' dir='ltr'>vel</span> <span class='ocrx_word' id='word_1_507' title='bbox 450 4166 491 4210; x_wconf 90' lang='lat' dir='ltr'>eir</span> <span class='ocrx_word' id='word_1_508' title='bbox 518 4149 553 4210; x_wconf 84' lang='lat' dir='ltr'>iis</span> <span class='ocrx_word' id='word_1_509' title='bbox 578 4168 646 4222; x_wconf 72' lang='lat' dir='ltr'>que</span> <span class='ocrx_word' id='word_1_510' title='bbox 673 4166 724 4223; x_wconf 89' lang='lat' dir='ltr'>per</span> <span class='ocrx_word' id='word_1_511' title='bbox 756 4145 852 4225; x_wconf 89' lang='lat' dir='ltr'>ipsum</span> <span class='ocrx_word' id='word_1_512' title='bbox 873 4144 1123 4221; x_wconf 79' lang='lat' dir='ltr'>acquiruntur&amp;</span> <span class='ocrx_word' id='word_1_513' title='bbox 1158 4149 1395 4226; x_wconf 86' lang='lat' dir='ltr'>independenter</span> <span class='ocrx_word' id='word_1_514' title='bbox 1414 4149 1453 4214; x_wconf 90' lang='lat' dir='ltr'>ab</span> <span class='ocrx_word' id='word_1_515' title='bbox 1474 4151 1555 4224; x_wconf 87' lang='lat' dir='ltr'>alio,·</span> <span class='ocrx_word' id='word_1_516' title='bbox 1577 4148 1707 4223; x_wconf 86' lang='lat' dir='ltr'>denique</span> <span class='ocrx_word' id='word_1_517' title='bbox 1724 4158 1752 4222; x_wconf 86' lang='lat'>3.</span> <span class='ocrx_word' id='word_1_518' title='bbox 1774 4161 1809 4208; x_wconf 92' lang='lat' dir='ltr'>ut</span> <span class='ocrx_word' id='word_1_519' title='bbox 1825 4141 1861 4207; x_wconf 88' lang='lat' dir='ltr'>stt</span> <span class='ocrx_word' id='word_1_520' title='bbox 1881 4148 1916 4207; x_wconf 93' lang='lat' dir='ltr'>in</span> 
     </span>
     <span class='ocr_line' id='line_1_46' title="bbox 365 4223 1914 4304; baseline 0.001 -19"><span class='ocrx_word' id='word_1_521' title='bbox 365 4223 535 4289; x_wconf 82' lang='lat' dir='ltr'>identidem</span> <span class='ocrx_word' id='word_1_522' title='bbox 554 4226 622 4290; x_wconf 82' lang='lat' dir='ltr'>Reli</span> <span class='ocrx_word' id='word_1_523' title='bbox 643 4229 706 4290; x_wconf 87' lang='lat' dir='ltr'>ioni</span> <span class='ocrx_word' id='word_1_524' title='bbox 723 4227 893 4291; x_wconf 81' lang='lat' dir='ltr'>obveniunt</span> <span class='ocrx_word' id='word_1_525' title='bbox 913 4269 920 4286; x_wconf 90' lang='lat'>.</span> <span class='ocrx_word' id='word_1_526' title='bbox 945 4223 992 4289; x_wconf 88' lang='lat' dir='ltr'>lta</span> <span class='ocrx_word' id='word_1_527' title='bbox 1011 4244 1123 4289; x_wconf 90' lang='lat' dir='ltr'>nomen</span> <span class='ocrx_word' id='word_1_528' title='bbox 1158 4228 1211 4293; x_wconf 91' lang='lat' dir='ltr'>usu</span> <span class='ocrx_word' id='word_1_529' title='bbox 1226 4228 1260 4293; x_wconf 83' lang='lat' dir='ltr'>dt</span> <span class='ocrx_word' id='word_1_530' title='bbox 1278 4227 1560 4304; x_wconf 80' lang='lat' dir='ltr'>administratione,</span> <span class='ocrx_word' id='word_1_531' title='bbox 1579 4245 1648 4304; x_wconf 77' lang='lat' dir='ltr'>quae</span> <span class='ocrx_word' id='word_1_532' title='bbox 1664 4223 1702 4290; x_wconf 92' lang='lat' dir='ltr'>ad</span> <span class='ocrx_word' id='word_1_533' title='bbox 1717 4224 1842 4288; x_wconf 87' lang='lat' dir='ltr'>alterius</span> <span class='ocrx_word' id='word_1_534' title='bbox 1863 4243 1914 4288; x_wconf 89' lang='lat' dir='ltr'>ar·</span> 
     </span>
     <span class='ocr_line' id='line_1_47' title="bbox 367 4303 1915 4384; baseline -0.001 -15"><span class='ocrx_word' id='word_1_535' title='bbox 367 4305 477 4379; x_wconf 84' lang='lat' dir='ltr'>peculii</span> <span class='ocrx_word' id='word_1_536' title='bbox 493 4305 541 4369; x_wconf 87' lang='lat' dir='ltr'>bie</span> <span class='ocrx_word' id='word_1_537' title='bbox 559 4309 604 4368; x_wconf 88' lang='lat' dir='ltr'>int</span> <span class='ocrx_word' id='word_1_538' title='bbox 637 4306 766 4384; x_wconf 79' lang='lat' dir='ltr'>ligitur.</span> <span class='ocrx_word' id='word_1_539' title='bbox 796 4305 1059 4384; x_wconf 81' lang='lat' dir='ltr'>Qiidameiiim,</span> <span class='ocrx_word' id='word_1_540' title='bbox 1088 4321 1122 4369; x_wconf 90' lang='lat' dir='ltr'>ut</span> <span class='ocrx_word' id='word_1_541' title='bbox 1157 4310 1282 4374; x_wconf 88' lang='lat' dir='ltr'>bitriuin</span> <span class='ocrx_word' id='word_1_542' title='bbox 1311 4304 1399 4384; x_wconf 79' lang='lat' dir='ltr'>possit</span> <span class='ocrx_word' id='word_1_543' title='bbox 1421 4311 1584 4373; x_wconf 86' lang='lat' dir='ltr'>revocati.</span> <span class='ocrx_word' id='word_1_544' title='bbox 1615 4304 1694 4370; x_wconf 75' lang='lat' dir='ltr'>Duae</span> <span class='ocrx_word' id='word_1_545' title='bbox 1716 4303 1778 4368; x_wconf 83' lang='lat' dir='ltr'>illae</span> <span class='ocrx_word' id='word_1_546' title='bbox 1800 4306 1915 4382; x_wconf 84' lang='lat' dir='ltr'>priores</span> 
     </span>
     <span class='ocr_line' id='line_1_48' title="bbox 364 4381 1914 4466; baseline 0.001 -20"><span class='ocrx_word' id='word_1_547' title='bbox 364 4381 546 4461; x_wconf 78' lang='lat' dir='ltr'>Van-Espen</span> <span class='ocrx_word' id='word_1_548' title='bbox 574 4406 644 4448; x_wconf 89' lang='lat' dir='ltr'>cum</span> <span class='ocrx_word' id='word_1_549' title='bbox 676 4385 771 4458; x_wconf 91' lang='lat' dir='ltr'>aliis,</span> <span class='ocrx_word' id='word_1_550' title='bbox 802 4382 928 4449; x_wconf 89' lang='lat' dir='ltr'>sortiter</span> <span class='ocrx_word' id='word_1_551' title='bbox 960 4385 1123 4449; x_wconf 88' lang='lat' dir='ltr'>decertarit</span> <span class='ocrx_word' id='word_1_552' title='bbox 1159 4387 1268 4466; x_wconf 88' lang='lat' dir='ltr'>peculii</span> <span class='ocrx_word' id='word_1_553' title='bbox 1285 4385 1398 4463; x_wconf 87' lang='lat' dir='ltr'>species</span> <span class='ocrx_word' id='word_1_554' title='bbox 1424 4384 1524 4452; x_wconf 89' lang='lat' dir='ltr'>secum</span> <span class='ocrx_word' id='word_1_555' title='bbox 1548 4387 1718 4451; x_wconf 86' lang='lat' dir='ltr'>involvunt</span> <span class='ocrx_word' id='word_1_556' title='bbox 1745 4388 1914 4461; x_wconf 87' lang='lat' dir='ltr'>proprieta-</span> 
     </span>
     <span class='ocr_line' id='line_1_49' title="bbox 362 4462 1916 4549; baseline -0.001 -21"><span class='ocrx_word' id='word_1_557' title='bbox 362 4481 478 4546; x_wconf 71' lang='lat' dir='ltr'>contra</span> <span class='ocrx_word' id='word_1_558' title='bbox 498 4464 564 4529; x_wconf 80' lang='lat' dir='ltr'>liaec</span> <span class='ocrx_word' id='word_1_559' title='bbox 581 4465 697 4540; x_wconf 89' lang='lat' dir='ltr'>peculia</span> <span class='ocrx_word' id='word_1_560' title='bbox 715 4462 766 4528; x_wconf 87' lang='lat' dir='ltr'>sen</span> <span class='ocrx_word' id='word_1_561' title='bbox 787 4464 913 4540; x_wconf 87' lang='lat' dir='ltr'>livella,</span> <span class='ocrx_word' id='word_1_562' title='bbox 935 4464 996 4528; x_wconf 87' lang='lat' dir='ltr'>sire</span> <span class='ocrx_word' id='word_1_563' title='bbox 1011 4482 1122 4529; x_wconf 89' lang='lat' dir='ltr'>contra</span> <span class='ocrx_word' id='word_1_564' title='bbox 1157 4486 1238 4549; x_wconf 88' lang='lat' dir='ltr'>tem,</span> <span class='ocrx_word' id='word_1_565' title='bbox 1254 4464 1289 4534; x_wconf 88' lang='lat' dir='ltr'>dt</span> <span class='ocrx_word' id='word_1_566' title='bbox 1304 4466 1588 4543; x_wconf 89' lang='lat' dir='ltr'>independentiam,</span> <span class='ocrx_word' id='word_1_567' title='bbox 1604 4466 1729 4538; x_wconf 81' lang='lat' dir='ltr'>ideonue</span> <span class='ocrx_word' id='word_1_568' title='bbox 1746 4478 1916 4542; x_wconf 80' lang='lat' dir='ltr'>repugnant</span> 
     </span>
     <span class='ocr_line' id='line_1_50' title="bbox 364 4543 1913 4626; baseline -0.004 -19"><span class='ocrx_word' id='word_1_569' title='bbox 364 4544 551 4619; x_wconf 77' lang='lat' dir='ltr'>peculiarem</span> <span class='ocrx_word' id='word_1_570' title='bbox 573 4544 661 4607; x_wconf 92' lang='lat' dir='ltr'>usum</span> <span class='ocrx_word' id='word_1_571' title='bbox 685 4590 694 4620; x_wconf 88' lang='lat'>,</span> <span class='ocrx_word' id='word_1_572' title='bbox 719 4546 770 4618; x_wconf 79' lang='lat' dir='ltr'>qui</span> <span class='ocrx_word' id='word_1_573' title='bbox 790 4543 968 4608; x_wconf 88' lang='lat' dir='ltr'>conceditur</span> <span class='ocrx_word' id='word_1_574' title='bbox 999 4566 1017 4609; x_wconf 90' lang='lat' dir='ltr'>a</span> <span class='ocrx_word' id='word_1_575' title='bbox 1038 4543 1123 4608; x_wconf 88' lang='lat' dir='ltr'>Reli·</span> <span class='ocrx_word' id='word_1_576' title='bbox 1158 4546 1356 4626; x_wconf 74' lang='lat' dir='ltr'>Regularium</span> <span class='ocrx_word' id='word_1_577' title='bbox 1376 4549 1547 4624; x_wconf 84' lang='lat' dir='ltr'>paupertati</span> <span class='ocrx_word' id='word_1_578' title='bbox 1568 4567 1635 4624; x_wconf 87' lang='lat' dir='ltr'>cap.</span> <span class='ocrx_word' id='word_1_579' title='bbox 1653 4548 1723 4613; x_wconf 81' lang='lat' dir='ltr'>Nori</span> <span class='ocrx_word' id='word_1_580' title='bbox 1739 4544 1846 4611; x_wconf 69' lang='lat' dir='ltr'>dusiis</span> <span class='ocrx_word' id='word_1_581' title='bbox 1864 4560 1913 4604; x_wconf 85' lang='lat' dir='ltr'>ia.</span> 
     </span>
     <span class='ocr_line' id='line_1_51' title="bbox 362 4619 1913 4705; baseline -0.004 -16"><span class='ocrx_word' id='word_1_582' title='bbox 362 4621 515 4703; x_wconf 61' lang='lat' dir='ltr'>amnibus,</span> <span class='ocrx_word' id='word_1_583' title='bbox 528 4627 710 4700; x_wconf 70' lang='lat' dir='ltr'>quesitam</span> <span class='ocrx_word' id='word_1_584' title='bbox 729 4619 857 4697; x_wconf 78' lang='lat' dir='ltr'>perseiie</span> <span class='ocrx_word' id='word_1_585' title='bbox 871 4643 1061 4687; x_wconf 89' lang='lat' dir='ltr'>communem</span> <span class='ocrx_word' id='word_1_586' title='bbox 1077 4641 1124 4688; x_wconf 91' lang='lat' dir='ltr'>te-</span> <span class='ocrx_word' id='word_1_587' title='bbox 1158 4651 1186 4705; x_wconf 86' lang='lat' dir='ltr'>q.</span> <span class='ocrx_word' id='word_1_588' title='bbox 1210 4646 1237 4690; x_wconf 84' lang='lat' dir='ltr'>r.</span> <span class='ocrx_word' id='word_1_589' title='bbox 1266 4625 1301 4692; x_wconf 84' lang='lat' dir='ltr'>dt</span> <span class='ocrx_word' id='word_1_590' title='bbox 1326 4646 1391 4705; x_wconf 92' lang='lat' dir='ltr'>cap.</span> <span class='ocrx_word' id='word_1_591' title='bbox 1416 4625 1560 4693; x_wconf 80' lang='lat' dir='ltr'>Mmatht&#39;</span> <span class='ocrx_word' id='word_1_592' title='bbox 1586 4629 1625 4692; x_wconf 83' lang='lat' dir='ltr'>de</span> <span class='ocrx_word' id='word_1_593' title='bbox 1643 4626 1724 4705; x_wconf 79' lang='lat' dir='ltr'>statu</span> <span class='ocrx_word' id='word_1_594' title='bbox 1743 4622 1913 4691; x_wconf 73' lang='lat' dir='ltr'>minacior.</span> 
     </span>
     <span class='ocr_line' id='line_1_52' title="bbox 363 4700 1915 4783; baseline -0.001 -17"><span class='ocrx_word' id='word_1_595' title='bbox 363 4720 439 4766; x_wconf 82' lang='lat' dir='ltr'>titre</span> <span class='ocrx_word' id='word_1_596' title='bbox 459 4723 522 4765; x_wconf 92' lang='lat' dir='ltr'>non</span> <span class='ocrx_word' id='word_1_597' title='bbox 541 4704 674 4782; x_wconf 88' lang='lat' dir='ltr'>valent,</span> <span class='ocrx_word' id='word_1_598' title='bbox 694 4700 874 4783; x_wconf 73' lang='lat' dir='ltr'>Religioso‚</span> <span class='ocrx_word' id='word_1_599' title='bbox 902 4706 987 4768; x_wconf 89' lang='lat' dir='ltr'>cuius</span> <span class='ocrx_word' id='word_1_600' title='bbox 1005 4707 1124 4768; x_wconf 90' lang='lat' dir='ltr'>intuitu</span> <span class='ocrx_word' id='word_1_601' title='bbox 1154 4706 1243 4783; x_wconf 83' lang='lat' dir='ltr'>Quin</span> <span class='ocrx_word' id='word_1_602' title='bbox 1264 4710 1359 4771; x_wconf 90' lang='lat' dir='ltr'>eiiam</span> <span class='ocrx_word' id='word_1_603' title='bbox 1375 4711 1420 4771; x_wconf 90' lang='lat' dir='ltr'>ita</span> <span class='ocrx_word' id='word_1_604' title='bbox 1440 4709 1577 4772; x_wconf 87' lang='lat' dir='ltr'>decernit</span> <span class='ocrx_word' id='word_1_605' title='bbox 1592 4723 1683 4782; x_wconf 88' lang='lat' dir='ltr'>caput</span> <span class='ocrx_word' id='word_1_606' title='bbox 1698 4707 1773 4769; x_wconf 81' lang='lat' dir='ltr'>Cum</span> <span class='ocrx_word' id='word_1_607' title='bbox 1789 4705 1830 4769; x_wconf 86' lang='lat' dir='ltr'>ad</span> <span class='ocrx_word' id='word_1_608' title='bbox 1843 4703 1915 4764; x_wconf 81' lang='lat' dir='ltr'>Ms-</span> 
     </span>
     <span class='ocr_line' id='line_1_53' title="bbox 361 4775 1916 4863; baseline -0.004 -16"><span class='ocrx_word' id='word_1_609' title='bbox 361 4780 555 4848; x_wconf 71' lang='lat' dir='ltr'>Monasletin</span> <span class='ocrx_word' id='word_1_610' title='bbox 588 4782 643 4847; x_wconf 93' lang='lat' dir='ltr'>illa</span> <span class='ocrx_word' id='word_1_611' title='bbox 669 4784 896 4862; x_wconf 81' lang='lat' dir='ltr'>obvenerunt,</span> <span class='ocrx_word' id='word_1_612' title='bbox 930 4786 1044 4848; x_wconf 84' lang='lat' dir='ltr'>acriter</span> <span class='ocrx_word' id='word_1_613' title='bbox 1069 4787 1124 4846; x_wconf 90' lang='lat' dir='ltr'>im·</span> <span class='ocrx_word' id='word_1_614' title='bbox 1158 4786 1315 4857; x_wconf 61' lang='lat' dir='ltr'>merium</span> <span class='ocrx_word' id='word_1_615' title='bbox 1342 4786 1408 4851; x_wconf 88' lang='lat' dir='ltr'>eod.</span> <span class='ocrx_word' id='word_1_616' title='bbox 1439 4790 1490 4853; x_wconf 89' lang='lat' dir='ltr'>tit.</span> <span class='ocrx_word' id='word_1_617' title='bbox 1520 4787 1590 4849; x_wconf 80' lang='lat' dir='ltr'>Hoc</span> <span class='ocrx_word' id='word_1_618' title='bbox 1616 4784 1843 4863; x_wconf 72' lang='lat' dir='ltr'>intelligendum</span> <span class='ocrx_word' id='word_1_619' title='bbox 1869 4775 1916 4842; x_wconf 84' lang='lat' dir='ltr'>est</span> 
     </span>
     <span class='ocr_line' id='line_1_54' title="bbox 360 4858 1917 4941; baseline -0.004 -13"><span class='ocrx_word' id='word_1_620' title='bbox 360 4861 527 4937; x_wconf 78' lang='lat' dir='ltr'>probantes</span> <span class='ocrx_word' id='word_1_621' title='bbox 543 4860 748 4928; x_wconf 84' lang='lat' dir='ltr'>huiuscemodi</span> <span class='ocrx_word' id='word_1_622' title='bbox 769 4863 986 4940; x_wconf 82' lang='lat' dir='ltr'>peculiatum,</span> <span class='ocrx_word' id='word_1_623' title='bbox 1015 4880 1125 4939; x_wconf 89' lang='lat' dir='ltr'>utpote</span> <span class='ocrx_word' id='word_1_624' title='bbox 1160 4865 1260 4932; x_wconf 85' lang='lat' dir='ltr'>stante</span> <span class='ocrx_word' id='word_1_625' title='bbox 1286 4884 1392 4941; x_wconf 91' lang='lat' dir='ltr'>voto,</span> <span class='ocrx_word' id='word_1_626' title='bbox 1420 4887 1476 4932; x_wconf 90' lang='lat' dir='ltr'>nec</span> <span class='ocrx_word' id='word_1_627' title='bbox 1503 4886 1543 4930; x_wconf 90' lang='lat' dir='ltr'>eit</span> <span class='ocrx_word' id='word_1_628' title='bbox 1572 4866 1747 4931; x_wconf 87' lang='lat' dir='ltr'>rationabili</span> <span class='ocrx_word' id='word_1_629' title='bbox 1771 4858 1917 4935; x_wconf 81' lang='lat' dir='ltr'>simulque</span> 
     </span>
     <span class='ocr_line' id='line_1_55' title="bbox 361 4939 1918 5084; baseline -0.002 -79"><span class='ocrx_word' id='word_1_630' title='bbox 361 4943 448 5084; x_wconf 43' lang='lat' dir='ltr'>aad</span> <span class='ocrx_word' id='word_1_631' title='bbox 463 4944 510 5008; x_wconf 89' lang='lat' dir='ltr'>ita</span> <span class='ocrx_word' id='word_1_632' title='bbox 529 4943 692 5022; x_wconf 72' lang='lat' dir='ltr'>Religiolae</span> <span class='ocrx_word' id='word_1_633' title='bbox 710 4946 899 5020; x_wconf 85' lang='lat' dir='ltr'>paupertatis</span> <span class='ocrx_word' id='word_1_634' title='bbox 916 4960 994 5006; x_wconf 91' lang='lat' dir='ltr'>voto</span> <span class='ocrx_word' id='word_1_635' title='bbox 1009 4941 1044 5009; x_wconf 86' lang='lat' dir='ltr'>dt</span> <span class='ocrx_word' id='word_1_636' title='bbox 1060 4962 1127 5020; x_wconf 89' lang='lat' dir='ltr'>pro·</span> <span class='ocrx_word' id='word_1_637' title='bbox 1161 4951 1282 5027; x_wconf 78' lang='lat' dir='ltr'>urgenti</span> <span class='ocrx_word' id='word_1_638' title='bbox 1310 4945 1412 5011; x_wconf 83' lang='lat' dir='ltr'>caussa</span> <span class='ocrx_word' id='word_1_639' title='bbox 1442 4966 1493 5023; x_wconf 89' lang='lat' dir='ltr'>per</span> <span class='ocrx_word' id='word_1_640' title='bbox 1522 4944 1772 5022; x_wconf 86' lang='lat' dir='ltr'>dispensationem</span> <span class='ocrx_word' id='word_1_641' title='bbox 1798 4939 1918 5004; x_wconf 82' lang='lat' dir='ltr'>relaxa·</span> 
     </span>
     <span class='ocr_line' id='line_1_56' title="bbox 432 5013 1918 5103; baseline -0.001 -19"><span class='ocrx_word' id='word_1_642' title='bbox 432 5022 486 5084; x_wconf 93' lang='lat' dir='ltr'>oni</span> <span class='ocrx_word' id='word_1_643' title='bbox 508 5042 676 5101; x_wconf 74' lang='lat' dir='ltr'>repugnant</span> <span class='ocrx_word' id='word_1_644' title='bbox 702 5042 771 5088; x_wconf 86' lang='lat' dir='ltr'>eam</span> <span class='ocrx_word' id='word_1_645' title='bbox 792 5024 920 5089; x_wconf 89' lang='lat' dir='ltr'>omnino</span> <span class='ocrx_word' id='word_1_646' title='bbox 934 5020 1071 5086; x_wconf 85' lang='lat' dir='ltr'>destruat</span> <span class='ocrx_word' id='word_1_647' title='bbox 1092 5044 1128 5086; x_wconf 87' lang='lat' dir='ltr'>ac</span> <span class='ocrx_word' id='word_1_648' title='bbox 1162 5043 1212 5091; x_wconf 90' lang='lat' dir='ltr'>tn.</span> <span class='ocrx_word' id='word_1_649' title='bbox 1236 5026 1381 5092; x_wconf 85' lang='lat' dir='ltr'>Tertium</span> <span class='ocrx_word' id='word_1_650' title='bbox 1397 5044 1500 5090; x_wconf 87' lang='lat' dir='ltr'>autem</span> <span class='ocrx_word' id='word_1_651' title='bbox 1515 5024 1625 5103; x_wconf 87' lang='lat' dir='ltr'>peculii</span> <span class='ocrx_word' id='word_1_652' title='bbox 1648 5042 1739 5101; x_wconf 78' lang='lat' dir='ltr'>genui</span> <span class='ocrx_word' id='word_1_653' title='bbox 1755 5013 1918 5099; x_wconf 73' lang='lat' dir='ltr'>Religiosae</span> 
     </span>
    </p>
   </div>
   <div class='ocr_carea' id='block_1_3' title="bbox 364 5097 1923 5251">
    <p class='ocr_par' dir='ltr' id='par_1_3' title="bbox 364 5097 1923 5251">
     <span class='ocr_line' id='line_1_57' title="bbox 364 5097 1923 5251; baseline -0.002 -84"><span class='ocrx_word' id='word_1_654' title='bbox 364 5098 482 5181; x_wconf 88' lang='lat' dir='ltr'>tullat;</span> <span class='ocrx_word' id='word_1_655' title='bbox 501 5122 538 5166; x_wconf 90' lang='lat' dir='ltr'>ac</span> <span class='ocrx_word' id='word_1_656' title='bbox 554 5104 680 5183; x_wconf 87' lang='lat' dir='ltr'>proinde</span> <span class='ocrx_word' id='word_1_657' title='bbox 695 5102 822 5185; x_wconf 85' lang='lat' dir='ltr'>dicunt,</span> <span class='ocrx_word' id='word_1_658' title='bbox 841 5101 916 5168; x_wconf 91' lang='lat' dir='ltr'>Non</span> <span class='ocrx_word' id='word_1_659' title='bbox 932 5106 1025 5168; x_wconf 83' lang='lat' dir='ltr'>eximi</span> <span class='ocrx_word' id='word_1_660' title='bbox 1043 5124 1061 5169; x_wconf 88' lang='lat' dir='ltr'>a</span> <span class='ocrx_word' id='word_1_661' title='bbox 1079 5105 1126 5169; x_wconf 86' lang='lat' dir='ltr'>vi·</span> <span class='ocrx_word' id='word_1_662' title='bbox 1165 5110 1341 5188; x_wconf 87' lang='lat' dir='ltr'>paupertati</span> <span class='ocrx_word' id='word_1_663' title='bbox 1361 5103 1515 5173; x_wconf 80' lang='lat' dir='ltr'>essentiali</span> <span class='ocrx_word' id='word_1_664' title='bbox 1534 5123 1598 5251; x_wconf 54' lang='grc' dir='ltr'>υοὶι</span> <span class='ocrx_word' id='word_1_665' title='bbox 1613 5102 1793 5246; x_wconf 63' lang='lat' dir='ltr'>adversatur</span> <span class='ocrx_word' id='word_1_666' title='bbox 1811 5097 1923 5246; x_wconf 53' lang='lat' dir='ltr'>,cod&#39;um</span> 
     </span>
    </p>
   </div>
   <div class='ocr_carea' id='block_1_4' title="bbox 0 0 2296 5992">
    <p class='ocr_par' dir='ltr' id='par_1_4' title="bbox 0 0 2296 5992">
     <span class='ocr_line' id='line_1_58' title="bbox 0 0 2296 5992; baseline 0 0"><span class='ocrx_word' id='word_1_667' title='bbox 0 0 2296 5992; x_wconf 95' lang='lat' dir='ltr'> </span> 
     </span>
    </p>
   </div>
  </div>
 </body>
</html>
