4584 5992
773 482 1523 568 nalnnutersxarrn.
1830 505 1879 589 ¹3

383 588 468 657 iuxta
501 603 638 655 mentem
668 580 783 651 Summi
814 581 987 660 Pontificis,
1008 586 1057 661 qui
1079 601 1141 646 non
1177 580 1331 647 studerent
1374 578 1528 648 laboriofis
1558 586 1752 659 poenitentire
1784 588 1935 682 operibus

383 691 449 737 tam
468 671 580 735 devote
601 688 677 745 opus
699 664 864 731 iniunsium
894 664 1011 742 perficit
1030 712 1039 741 ,
1064 666 1141 726 inte·
1177 664 1277 727 Deum
1292 660 1342 727 srbi
1361 664 1514 741 placatum
1539 664 1680 741 reddere,
1696 664 1731 734 ἀ
1750 664 1866 742 divrnae
1884 668 1930 736 sa·

382 773 467 830 gram
496 748 722 826 indulgentiam
742 792 754 824 ,-
774 766 864 824 quam
891 744 1052 822 concedit,
1080 762 1141 805 non
1179 743 1326 808 tisfacere
1354 740 1500 808 iustitiae.
1527 746 1598 807 Peto
1627 749 1706 823 (ait
1727 745 1809 823 episi.
1836 764 1883 826 13.
1915 749 1929 825 )

381 830 598 907 consequitur,
629 850 697 892 cum
720 828 774 890 illo
793 826 935 890 devotior
966 825 1030 900 plus
1059 821 1142 886 obti-
1178 836 1211 886 ut
1230 844 1295 902 eor,
1326 839 1396 901 quos·
1419 822 1472 901 r'pfi
1485 822 1619 899 videtis,
1643 846 1710 903 quur
1739 824 1842 904 nostis,
1861 848 1931 904 qrro·

382 928 477 974 neat.
508 907 694 972 Necessariae
718 908 799 971 enim
828 905 913 966 nobis
943 901 1011 966 sunt
1037 898 1142 966 Indul-
1178 925 1245 967 rum
1261 901 1462 982 penitentiam
1477 902 1675 984 satisfasir'ont'
1687 907 1932 984 proximumcon·

382 993 494 1069 gentiae
524 988 559 1050 ad
591 986 788 1062 supplendum
809 986 1004 1061 pcenitentiae
1031 980 1141 1046 nostrae
1172 981 1307 1062 spiritis,
1337 983 1495 1072 deffrgnetr's
1513 984 1685 1049 nominatim
1703 982 1815 1064 libello,
1840 984 1936 1067 &fic

381 1067 561 1144 defessum,
594 1084 745 1143 quatenus
783 1085 889 1141 nempe
922 1057 1141 1125 satisfaeiiones
1176 1064 1218 1126 ad
1234 1062 1385 1152 nnrfidet,
1406 1062 1617 1144 acdisciplr'nae
1639 1077 1825 1147 congruentes
1849 1070 1938 1130 tr'ttea

381 1149 490 1213 nosirae
514 1153 568 1210 vix
591 1168 677 1221 pares
696 1145 790 1223 sunt,
818 1164 886 1221 quae
910 1145 1081 1224 gravitati,
1106 1160 1141 1205 ac
1178 1166 1228 1206 ras
1243 1142 1402 1284 drrtgatts.
1432 1141 1523 1230 Unde
1541 1143 1607 1209 haec
1625 1147 1778 1209 sententia
1793 1146 1837 1208 est
1853 1146 1932 1208 mui-

378 1228 529 1292 mensurae
555 1226 735 1290 desistorum
764 1223 988 1301 respondeant,
1019 1243 1053 1285 ac
1075 1242 1140 1299 pro·
1178 1243 1212 1287 ro
1232 1243 1291 1287 con
1305 1226 1418 1287 ormior
1433 1222 1529 1288 sensui
1546 1230 1662 1289 veteris
1683 1223 1842 1303 Ecclesrae,
1858 1226 1932 1288 dum

381 1309 451 1371 inde
474 1310 505 1367 in
526 1326 563 1367 eo
591 1311 642 1381 qui
675 1304 874 1382 consequitur
904 1300 1111 1381 indulgentias
1133 1348 1143 1377 ,
1178 1306 1388 1380 poenitentes,
1406 1321 1479 1367 ante
1500 1305 1626 1380 expieta
1648 1308 1841 1382 poenitentiae
1857 1325 1931 1368 con-

379 1388 468 1451 sterni
487 1382 569 1450 infra
586 1387 735 1463 dicemus,
758 1407 802 1450 eae
815 1404 876 1447 non
895 1382 1061 1447 excludunt
1073 1402 1140 1457 pro·
1178 1383 1293 1446 siitutae
1315 1402 1474 1462 tempora,
1495 1383 1528 1449 dc
1544 1404 1617 1449 ante
1634 1389 1839 1461 receptionem
1848 1405 1934 1466 com·¹

379 1467 509 1545 positum
530 1459 756 1542 satisfaciendi,
775 1483 924 1540 quantum
943 1461 1073 1525 humana
1091 1482 1141 1535 pa·
1177 1465 1326 1525 munionis
1353 1459 1534 1541 Dominicae¹
1548 1486 1582 1527 ac
1602 1462 1817 1529 Ecclesiasticae
1830 1512 1843 1541 ,.
1869 1484 1930 1528 non

381 1549 460 1610 titur
485 1543 670 1608 infirmitas,
690 1544 740 1607 Sic
763 1541 852 1608 docet
872 1541 900 1603 S.
927 1541 1139 1605 Bonaventur.
1175 1540 1379 1607 censebantur
1396 1540 1455 1605 esse
1473 1543 1827 1622 capaccsinduigemtae.
1845 1542 1930 1609 Hinc

379 1628 411 1689 in
427 1649 454 1704 4.
477 1621 542 1685 disi.
565 1642 612 1684 20.
630 1645 658 1700 q.
681 1624 785 1688 ultim,
800 1625 828 1685 S.
848 1619 962 1685 Titum.
981 1623 1012 1683 in
1029 1642 1058 1701 4.
1076 1615 1140 1682 sen·
1176 1621 1341 1700 Gregorius
1358 1621 1426 1684 vll.
1449 1622 1676 1703 indulgentiam
1696 1623 1874 1689 delitiosum
1890 1624 1931 1686 E·

379 1707 528 1779 rentiam,v
551 1704 584 1786 dt
605 1707 637 1765 in
663 1702 865 1780 supplement.
885 1724 912 1778 q.
935 1720 1005 1778 25.,
1029 1717 1086 1762 art.
1109 1718 1136 1760 2.
1178 1698 1296 1779 piscopo
1316 1701 1509 1766 Linconiensr
1534 1724 1603 1767 eam
1627 1708 1767 1782 petenti,
1793 1723 1831 1768 ea
1863 1703 1933 1783 lege

378 1786 414 1848 ad
438 1798 487 1860 3.,
516 1781 675 1851 Innocens.
705 1783 758 1847 lv.
783 1787 815 1846 in
843 1802 907 1860 cap.
928 1780 1017 1861 Quod
1038 1791 1139 1842 autem
1174 1778 1337 1857 concesfit,
1362 1800 1396 1845 ut
1414 1786 1629 1858 poenirentiam
1650 1804 1705 1859 pro
1724 1782 1839 1848 viribus
1860 1804 1933 1863 age-

377 1864 414 1931 de
425 1862 530 1941 poenr't.
1174 1880 1242 1925 ret.
1265 1859 1306 1924 Et
1322 1861 1352 1923 S.
1372 1864 1547 1927 Antoninus
1572 1878 1600 1928 1.
1623 1879 1699 1940 part.
1715 1867 1765 1928 tit.
1792 1880 1839 1925 10.
1860 1885 1930 1937 cap.

418 1942 555 2007 Secunda
572 1943 728 2018 conditio,
755 1938 827 2005 idest
853 1939 1004 2005 sufficiens
1020 1937 1137 2015 dispoii·
1175 1958 1205 2021 ς,
1228 1950 1253 2009 s.
1274 1958 1301 2020 3.
1324 1945 1361 2005 de
1384 1943 1437 2018 iis,
1467 1946 1519 2020 qui
1539 1941 1617 2006 hanc
1637 1939 1784 2007 sustinent
1805 1940 1930 2006 senten-

381 2026 427 2087 tio
455 2043 494 2085 ex
526 2038 613 2097 parte
645 2043 773 2097 eornm,
803 2022 907 2099 quibus
933 2018 1135 2098 indulgentiae
1175 2026 1273 2097 riam,
1294 2026 1335 2084 ita
1349 2021 1469 2086 scribit.
1492 2022 1557 2088 Nec
1573 2023 1803 2102 credamne
1811 2034 1933 2103 propter·

376 2102 609 2178 conceduntur,
631 2105 690 2166 tria
712 2102 874 2166 secundum
892 2100 1067 2165 Habertum
1087 2117 1135 2161 re·
1172 2102 1225 2165 bas
1256 2102 1458 2183 indulgentias
1485 2104 1634 2183 generales
1663 2104 1762 2167 minus
1791 2110 1931 2167 teneatur

376 2185 487 2259 quirit.
509 2201 534 2243 ι.
562 2181 674 2245 Veram
696 2185 931 2258 poenitentiam,
949 2179 982 2246 dc
1004 2202 1041 2244 ex
1063 2193 1135 2243 toto
1171 2207 1189 2244 a
1210 2204 1257 2247 ere
1279 2184 1481 2261 penitentiam
1501 2182 1535 2248 r'n
1563 2183 1718 2248 bannita.
1745 2183 1786 2246 Et
1811 2183 1866 2246 hoc
1883 2185 1930 2244 di·

375 2262 468 2327 corde
498 2260 535 2325 ad
567 2260 666 2323 Deum
695 2261 943 2326 conversionem.
974 2280 1000 2321 2.
1027 2261 1131 2325 Animi
1202 2287 1251 2326 uns
1274 2264 1345 2326 satis
1368 2266 1493 2327 videtur
1512 2263 1699 2328 concordare
1715 2267 1875 2340 aequitati,
1891 2278 1928 2326 ut

375 2339 568 2407 aversionem
589 2340 626 2403 ab
641 2347 723 2405 omni
743 2344 856 2407 veniali
878 2359 1026 2418 peccato.
1046 2335 1133 2419 pln-
1171 2361 1261 2406 notat
1283 2343 1500 2406 innocentius.
1824 2412 1826 2416 ,

374 2423 568 2500 tentionem,
592 2419 641 2483 seu
666 2418 776 2487 efficax
800 2422 985 2501 propositum
1005 2418 1133 2487 faciendi
1210 2421 1390 2502 Irreguiares
1408 2426 1521 2502 igitur,
1536 2420 1683 2501 suspensi,
1701 2422 1735 2487 ἃ
1756 2422 1906 2486 ἰητετάίᾶἰ
1916 2471 1931 2502 ,

373 2497 569 2574 imposterum
586 2501 691 2578 dignos
710 2496 826 2566 frustus-
840 2505 1052 2581 poenitentiae.
1169 2502 1188 2560 fi
1211 2523 1262 2566 eos
1278 2503 1435 2577 culparum
1462 2500 1581 2567 suarum
1606 2507 1775 2580 poeniteat,
1802 2521 1929 2577 capaces

413 2580 564 2660 Quamuis=
581 2600 685 2644 aurem
705 2584 802 2658 quoad
819 2581 1028 2647 necessitatem
1044 2583 1131 2646 huius
1168 2581 1236 2645 sunt
1258 2582 1479 2659 Indulgentiae,
1500 2582 1586 2647 sicuti
1609 2588 1705 2664 etiam
1720 2582 1931 2644 excommuni-

375 2660 509 2734 tripircis
538 2659 742 2737 dispositionis
763 2664 924 2726 unanimes
942 2667 1131 2725 conveniant
1168 2665 1252 2736 cati,
1272 2659 1291 2721 ss
1312 2665 1442 2725 corstriti
1470 2660 1546 2725 serio
1570 2680 1677 2738 perant
1699 2660 1775 2724 solvi
1800 2661 1927 2724 vinculo

373 2735 543 2814 Theologi,
563 2736 649 2801 sicuti
670 2744 764 2801 etiam
780 2741 881 2814 quoad
899 2738 1079 2818 secundam,
1099 2738 1131 2804 ἃ
1169 2742 1494 2804 excommunicationis
1507 2788 1516 2817 ,
1529 2739 1562 2806 dt
1584 2743 1664 2804 eitra
1693 2736 1780 2802 suam
1803 2740 1926 2815 cuipam

374 2819 501 2881 tertiam
528 2823 722 2895 earumdem,
749 2819 832 2882 circa
860 2839 932 2896 quas
956 2818 1043 2884 nulia
1070 2824 1131 2885 iam
1167 2823 1426 2884 excommunicati
1447 2839 1591 2882 maneant
1618 2819 1650 2881 in
1677 2815 1744 2882 soro
1764 2836 1928 2898 externo;

373 2914 531 2959 recurrere
555 2894 651 2969 poeeli
673 2892 858 2975 difficultas,
881 2918 917 2962 ut
938 2895 1016 2962 insta
1045 2920 1130 2976 pate·
1167 2920 1237 2962 nam
1259 2898 1292 2961 hi
1307 2919 1369 2962 non
1387 2900 1531 2963 videntur
1551 2898 1671 2962 excludi
1701 2898 1737 2962 ab
1758 2902 1793 2961 iis
1824 2897 1926 2963 indul·

371 2969 440 3051 bit,
466 2975 598 3036 multum
624 2991 726 3037 tamen
748 2974 919 3053 discrepant
938 2979 1037 3057 quoad
1072 2983 1129 3055 pri·
1166 2983 1346 3059 gentiis,in
1362 2979 1468 3055 quibus
1489 2975 1631 3044 consessio
1651 2998 1713 3041 uon
1733 2980 1930 3056 requiritur,

369 3073 453 3117 mam
465 3085 474 3131 ,
489 3050 719 3147 inUsiabiliendo
742 3055 858 3147 scilicet
878 3059 975 3135 qualis
996 3059 1057 3122 effe
1076 3061 1128 3122 de·
1165 3058 1199 3123 dt
1219 3063 1415 3135 commuuio,
1433 3080 1501 3122 cum
1520 3063 1615 3123 eriam
1636 3056 1715 3136 apud
1740 3057 1840 3123 Deum
1863 3078 1924 3123 non

369 3133 442 3198 beat
459 3137 645 3211 poenrtentia
665 3139 807 3213 requisita
825 3141 861 3206 ad
885 3140 1059 3203 lucrandam
1079 3139 1126 3203 ln·
1165 3140 1367 3205 excindantur
1388 3160 1406 3201 a
1426 3140 1477 3203 lua
1497 3142 1619 3217 gratia.

369 3213 577 3299 dulgentiam·
607 3216 669 3279 Alii
689 3222 790 3293 enim,
817 3222 900 3285 inter
921 3242 1005 3298 quos,
1016 3221 1128 3285 Srrarez
1205 3221 1300 3292 Ratio
1316 3222 1429 3306 pariter
1444 3217 1500 3281 hoc
1517 3217 1713 3296 comprobat.
1734 3212 1818 3281 Nam
1833 3217 1924 3281 valde

368 3291 441 3370 disp.
461 3307 508 3370 μ’,
527 3292 594 3356 sesi.
620 3316 688 3374 11.,
707 3297 740 3363 dt
763 3299 967 3365 Bellarminus
993 3298 1012 3363 1.
1036 3309 1063 3365 l.
1092 3300 1128 3365 de
1163 3295 1264 3365 differt
1285 3299 1361 3375 ilie,
1381 3300 1430 3374 qui
1452 3297 1535 3361 dolet
1552 3299 1588 3360 de
1607 3294 1723 3363 oflensa
1745 3299 1834 3360 aireri
1854 3296 1924 3360 ilia·

369 3372 537 3453 Indulgent.
561 3396 627 3450 cap.
657 3393 702 3455 13.
724 3381 915 3445 contendunt
935 3404 1005 3446 cum
1024 3379 1125 3445 Gano·
1165 3397 1197 3442 ta
1214 3400 1335 3457 propter
1352 3399 1474 3457 poeuam
1490 3398 1579 3456 quam
1594 3384 1716 3443 evitare
1737 3379 1863 3451 nequit,
1883 3374 1921 3438 ab

367 3451 475 3534 milis,
490 3455 708 3529 poenitentiam
724 3458 901 3536 requisitam
915 3462 949 3526 ad
968 3461 1128 3539 indulgen·
1162 3472 1219 3534 e'o,
1240 3474 1330 3536 quem
1349 3462 1480 3534 poenite't
1501 3461 1510 3520 i
1531 3454 1588 3522 stus
1604 3450 1728 3523 offensae
1747 3473 1856 3533 utpote
1878 3452 1894 3517 s
1909 3484 1923 3503 ·

371 3537 452 3614 tias,
472 3554 532 3598 non
554 3535 713 3601 includere
732 3540 924 3615 propositum,
943 3531 1127 3620 satisfaciens
1162 3537 1218 3603 δε
1237 3542 1328 3603 alicui
1348 3540 1424 3603 bene
1444 3538 1481 3603 de
1498 3481 1530 3601 sb
1545 3543 1678 3614 merito,
1698 3556 1787 3615 quem
1802 3530 1923 3599 efficaci

367 3613 421 3688 dt,
443 3616 512 3690 quia
533 3610 737 3694 Indulgentiae
760 3621 772 3694 (
795 3624 882 3683 aiunt
904 3620 955 3698 ipss
978 3620 1123 3697 >dantur
1162 3630 1264 3684 amor'e
1285 3617 1493 3696 prosequitur,-
1509 3621 1582 3694 quia
1601 3616 1622 3680 sr
1644 3620 1738 3694 priori
1752 3614 1923 3680 liberatica·

368 3689 436 3756 ioco
454 3688 682 3759 satisfatitonts.
699 3697 830 3764 Ecclesia
846 3702 929 3763 enim
944 3702 1042 3775 aperit
1058 3700 1123 3765 the·
1162 3716 1210 3775 te,
1230 3720 1265 3761 ac
1284 3698 1432 3763 beneficio
1452 3698 1533 3761 illius
1552 3718 1641 3776 quem
1662 3694 1789 3763 offendit
1803 3710 1926 3784 ,poenn
1979 3699 1982 3705 “

367 3772 488 3837 sarnum
519 3774 620 3857 surim,
641 3795 675 3839 ut
704 3799 757 3854 pro
779 3781 1002 3855 poenitentibus
1023 3778 1125 3843 scsvat
1159 3775 1350 3843 condonetur
1363 3820 1377 3857 ,·
1393 3780 1442 3843 seu
1463 3782 1665 3855 remittatur,
1683 3800 1753 3843 cum
1773 3772 1925 3838 nurcsub·

367 3871 408 3917 ex
438 3851 548 3914 Christi
579 3855 701 3919 Domini
729 3856 1000 3935 satissasiionibus,
1029 3861 1128 3936 unde,
1159 3857 1225 3924 lata
1247 3855 1283 3923 srt
1312 3860 1426 3923 dosoris
1453 3860 1555 3924 e'aufl'a
1573 3906 1582 3936 ,
1602 3860 1686 3920 nulla
1712 3857 1779 3932 pius
1799 3855 1922 3930 angitur

365 3932 576 4009 concludunt,
597 3931 704 4010 frusira
721 3941 878 4017 exigitur,
892 3959 927 4004 ut
947 3941 983 4004 de
1001 3942 1123 4005 v'isceri‘·
1160 3942 1252 4010 animi
1270 3940 1518 4019 perturbatione.
1540 3934 1585 4001 Ex
1602 3935 1740 4021 opposito
1757 3933 1851 4007 alter,
1872 3951 1922 3994 et·

365 4010 422 4077 bus
438 4011 494 4073 suis
518 4006 722 4080 satisfaciant.
1159 4016 1245 4081 iamir
1265 4042 1316 4096 pet
1334 4021 1428 4084 aliurn
1447 4022 1477 4082 ei
1498 4014 1609 4081 fassum
1624 4015 1661 4081 sat
1682 4018 1754 4077 satis
1765 4060 1775 4089 ,
1794 4015 1842 4075 cui
1872 4016 1920 4070 in·

409 4092 545 4176 Econtra
578 4115 652 4159 vero
676 4098 790 4163 docent
817 4100 870 4163 alii
892 4100 1129 4179 quamplurimi,
1161 4102 1271 4161 iuriam
1291 4100 1419 4173 intuiit,
1445 4095 1541 4162 adhuc
1561 4092 1782 4172 displicentiam
1811 4090 1926 4164 habet,-

364 4169 399 4237 ἃ
418 4168 622 4253 probabilius,
638 4197 674 4259 ¹ut
696 4178 848 4243 Adrianus
869 4175 920 4244 Vi.
943 4182 1041 4256 Soto,
1065 4180 1123 4244 Ca·
1159 4200 1215 4241 nec
1237 4176 1329 4241 finem
1351 4180 1449 4241 dolori
1473 4178 1525 4252 suo
1540 4172 1633 4251 facit3
1659 4176 1730 4250 quia
1747 4160 1921 4262 benefasio·

364 4256 490 4315 ietanus
533 4253 703 4333 Hesselius,
731 4251 1124 4330 Navarrus'ktraddeln·
1161 4273 1222 4321 rem
1241 4264 1372 4321 maxime
1395 4253 1533 4320 dtieeium
1560 4253 1748 4319 offenderit.
1777 4248 1859 4312 Hinc
1886 4268 1922 4313 ut

364 4328 456 4406 sslssos
491 4300 608 4410 11111115,
638 4332 759 4416 Sylvius
781 4340 1125 4416 aliiquemeccntiores,
1146 4338 1231 4406 ,talis
1253 4343 1372 4401 animus
1390 4354 1568 4416 permaneat
1591 4339 1623 4397 in
1646 4333 1726 4397 iussis
1753 4326 1925 4424 pronoffcn·

342 4425 470 4478 seram
489 4430 551 4476 non
572 4415 633 4477 elie
655 4422 868 4489 poenirentiam
896 4431 1034 4496 tenpore
1051 4443 1122 4496 quo-
1160 4416 1196 4480 srs
1217 4418 1283 4480 Deo
1308 4419 1423 4490 illatis,
1442 4431 1513 4480 cum
1538 4432 1731 4492 peccatorum
1753 4408 1925 4500 remrffi‘one·

364 4513 424 4569 que
444 4490 574 4573 subiici,
590 4492 644 4558 nisr
662 4497 799 4572 includat
825 4503 1045 4576 voluntatens,
1072 4496 1125 4563 seu
1161 4494 1293 4561 infundit
1311 4499 1341 4560 in
1362 4518 1468 4561 eorum
1488 4493 1627 4561 cordibus
1648 4498 1799 4576 virtutem
1822 4505 1922 4567 poenr·

363 4574 551 4650 propositum
567 4570 633 4640 Deo
654 4572 875 4659 satisfaciendi,
891 4602 947 4643 nec
965 4579 1124 4659 Indulgen·
1162 4581 1289 4654 tentiae,
1311 4586 1381 4653 quae
1400 4594 1507 4652 utpote
1526 4579 1621 4651 viva,
1642 4572 1675 4638 ἃ
1691 4574 1842 4636 charitate
1859 4564 1923 4666 sot·

366 4654 442 4717 tiam
470 4650 643 4721 fomentum
663 4651 724 4721 esse
746 4655 909 4740 socordias,
941 4660 989 4724 sed
1019 4660 1124 4724 huma·
1145 4676 1267 4732 mata,
1284 4656 1386 4732 otiosa
1404 4678 1466 4721 non
1487 4653 1515 4719 se
1537 4655 1628 4718 haber
1651 4661 1682 4715 in
1703 4648 1802 4742 iustis..
1860 4728 1889 4742 Η

361 4750 413 4817 nae
442 4733 631 4801 infirmitatis
653 4736 914 4815 supplementum.
941 4742 1032 4805 Hanc
1061 4740 1124 4801 sen-
1200 4735 1230 4800 Si
1253 4746 1294 4803 ita
1311 4759 1359 4802 res
1375 4733 1403 4799 se
1419 4735 1528 4812 habet,
1547 4735 1626 4797 dicet
1645 4732 1772 4806 aliquis,
1789 4727 1928 4817 tnutrirs,

364 4817 502 4879 tentiam
521 4818 723 4898 comprobant
756 4837 824 4883 tum
843 4810 968 4885 patrum
997 4818 1124 4883 audon*
1160 4817 1193 4883 ὅ(
1221 4810 1405 4883 intrusionis
1436 4821 1496 4878 crit
1523 4814 1715 4892 induigentia
1733 4833 1742 4884 ,·
1782 4810 1925 4899 srquidem

363 4910 435 4970 135,
456 4908 524 4960 tum
546 4904 646 4963 ratio.
677 4894 777 4964 Docet
803 4904 905 4977 enim,
929 4906 1009 4964 inter
1030 4901 1126 4974 alios,
1161 4898 1285 4973 quando
1306 4900 1370 4973 quis
1388 4894 1568 4971 solvitquod
1589 4894 1701 4967 deber,
1721 4888 1857 4964 nonplus
1881 4909 1926 4948 rn-

362 4973 382 5036 S
425 4976 623 5056 Cyprianus,
653 4980 689 5042 iis
714 5001 775 5043 non
801 4980 1015 5057 indulgendum
1071 4999 1126 5057 pro
1162 4981 1246 5054 diget
1278 4973 1473 5048 remissione,
1502 4973 1688 5055 &gratias
1749 4967 1809 5031 nde
1835 4985 1928 5030 nemo

363 5055 475 5135 quibus
498 5058 729 5126 intercedebant
745 5062 928 5143 Martyres,
948 5029 1052 5125 missi
1075 5055 1128 5137 ipsa
1164 5079 1227 5122 non
1249 5057 1334 5123 videt
1356 5104 1368 5135 ‚
1387 5055 1466 5133 quod
1490 5058 1521 5118 in
1544 5054 1600 5117 taii
1628 5050 1782 5115 sententia
1802 5050 1932 5190 νίτὲυι,

645 5257 653 5288 l
