4584 5992
363 551 591 719 Μῐιιθῃῂηὶς
605 618 676 698 quia
691 614 867 694 subsequens
883 610 1122 679 Matrimonium
1163 611 1320 693 legitimis,
1340 613 1413 688 quia
1427 624 1584 696 nequeunt
1598 609 1925 691 parentessuosossen·

369 709 492 778 irfllnne
506 706 580 769 iuris
599 696 782 766 retrotrahit
808 694 845 759 ad
868 711 988 772 tempus
1016 711 1123 784 conce·
1162 692 1300 781 dereper
1319 710 1442 760 textum
1460 696 1493 757 in
1513 713 1579 771 cap.
1597 713 1626 759 r.
1650 694 1857 778 desolantibus
1871 719 1926 764 tx·

372 790 488 868 prionis
514 783 551 850 L.
572 775 752 860 Constantini
781 794 807 854 5.
833 774 869 839 L.
894 778 973 841 'Cum
993 792 1058 852 qam
1075 787 1123 833 ιο.
1160 774 1273 854 pofiirs.

372 870 471 936 Sicuti
490 867 590 930 etiam
613 879 685 928 non,
706 856 774 921 sunt
790 856 1010 949 irregulares,
1041 851 1126 913 siin·
1166 933 1172 945 ·
1200 852 1292 945 Nati.
1307 870 1413 947 tamen
1437 852 1476 917 de
1502 855 1703 950 matritrsonio
1735 859 1822 924 nullo
1849 907 1858 936 ,
1890 879 1926 927 ac

370 935 1127 1107 inlisisinlisissitibundis&
1162 929 1230 1074 :liz
1257 933 1924 1089 liliis}ilit‘iisllilditids‘i

371 1110 461 1184 veti,
476 1106 549 1169 licet
564 1120 625 1164 non
648 1094 758 1177 posfint
780 1093 817 1157 ad
846 1093 1061 1168 Praelaturas,
1092 1106 1127 1153 ut
1164 1111 1226 1154 uno
1252 1093 1503 1157 contrabentium
1534 1096 1710 1171 ignoratum
1738 1147 1747 1177 ,
1774 1099 1925 1166 habentur

372 1185 510 1265 expresse
530 1180 660 1246 habetur
678 1197 744 1253 cap.
763 1191 790 1238 ι.
810 1170 1124 1252 defisiirPresiytrror.
1164 1189 1218 1246 pro
1233 1169 1375 1250 legitimis
1390 1218 1399 1247 ,
1412 1171 1532 1236 etiamst
1550 1177 1802 1250 impedimentum
1818 1177 1922 1255 possea

370 1266 489 1334 Verum
503 1264 585 1328 circa
601 1258 659 1326 boc
675 1254 843 1321 notandum
863 1274 892 1316 1.
913 1251 992 1330 quod
1011 1252 1047 1316 ad
1072 1249 1127 1313 hoc
1163 1252 1354 1331 innotuerit,
1369 1247 1404 1317 δι
1421 1267 1521 1328 partes
1538 1273 1589 1329 per
1607 1254 1714 1321 iudicis
1737 1261 1921 1325 sententiam

370 1364 410 1413 ut
429 1344 485 1410 filii
503 1360 556 1421 pcc
572 1337 748 1414 subsequens
767 1333 1001 1397 Matrimonium
1027 1331 1128 1409 legiti·
1164 1349 1181 1394 a
1202 1326 1380 1396 seinvicem
1400 1329 1548 1407 separata
1569 1328 1704 1411 fuerint,
1720 1357 1758 1400 ut
1773 1336 1920 1405 statuitur
1947 1379 1949 1385 ·

372 1440 521 1502 mentur,
547 1414 666 1485 necesse
688 1413 751 1494 est,
780 1430 815 1477 ut
845 1429 982 1489 tempore
997 1409 1128 1475 carnalis
1163 1430 1227 1487 cap.
1248 1411 1464 1491 a.&14.tit.
1485 1412 1548 1490 Qui
1559 1412 1622 1491 fissi
1635 1417 1696 1497 fini
1722 1417 1880 1498 legitimi„

372 1504 491 1584 copule
520 1514 658 1579 parentes
686 1496 921 1559 Matrimonium
947 1488 1128 1558 contrahere
1202 1491 1354 1566 Quamvis
1369 1495 1463 1556 etiam
1483 1511 1523 1554 ert
1549 1493 1767 1572 illegitimitare
1794 1498 1922 1566 occulta

374 1583 558 1667 potuerint.
588 1574 716 1641 Undcsr
736 1576 786 1639 vir
805 1575 935 1637 vivente
962 1588 1059 1638 uxore
1077 1566 1128 1632 sua
1164 1569 1338 1635 incurratur
1367 1571 1577 1649 irregularitas
1599 1622 1607 1650 ,
1627 1575 1826 1642 nihilominus
1860 1599 1924 1645 ma·

373 1665 466 1732 aliam
479 1659 679 1739 cognoverit,
698 1653 733 1721 dt
748 1674 789 1719 ex
804 1672 840 1717 ea
866 1651 981 1728 prolem
996 1644 1127 1726 suscepe
1163 1665 1232 1727 ter,
1245 1670 1314 1726 qua
1331 1648 1394 1715 sola
1410 1646 1464 1715 scit
1484 1648 1542 1714 filii
1569 1651 1612 1717 sui
1640 1655 1893 1735 illegitimitatem
1912 1701 1922 1734 ,

372 1748 433 1823 rit,
455 1742 528 1808 sicet
545 1735 608 1816 poll
624 1750 754 1801 mortem
773 1754 840 1799 eam
860 1730 1001 1809 duxerit,
1017 1727 1128 1820 nibilo-
1163 1727 1232 1792 siin
1261 1728 1323 1807 ipso
1346 1734 1514 1807 comperiat
1544 1731 1679 1811 legitima
1700 1736 1810 1802 indicia
1839 1739 1923 1810 illius

374 1827 476 1890 minus
495 1819 609 1897 spurius
628 1817 689 1879 erit
707 1813 811 1890 filius,
831 1828 867 1876 ut
887 1808 1049 1899 definitum
1066 1803 1129 1895 suit
1165 1810 1341 1874 vocationis
1361 1809 1398 1874 ad
1420 1808 1524 1875 slatun·
1546 1809 1743 1890 clericalem,
1764 1817 1863 1893 poteli
1876 1819 1923 1884 illi

375 1903 414 1971 ab
429 1898 608 1970 Alexandro
626 1893 680 1958 lll.
701 1916 767 1972 cap.
787 1895 887 1958 Traia
905 1891 944 1971 est
957 1890 1046 1955 vrr6.
1067 1887 1128 1971 Qut
1163 1887 1388 1967 inculpabiliter
1403 1888 1578 1968 persuadere
1599 1940 1609 1968 ,
1629 1911 1664 1958 ut
1686 1896 1782 1960 talem
1808 1896 1923 1965 flatrum

368 1982 432 2067 fiiii
446 1982 508 2063 fiiri
524 1974 665 2057 legitimi.
683 1972 823 2050 idemque
837 1972 952 2047 dicito,
970 1967 1126 2034 siconsan·
1163 1966 1329 2049 suscipiat3
1361 1975 1434 2047 quia
1463 1971 1521 2045 ipsa
1552 1992 1613 2036 non
1645 1990 1769 2039 tenetur
1803 1983 1924 2055 aperire

395 2066 501 2127 uincor
519 2079 590 2124 cum
608 2052 719 2120 consan
742 2056 851 2131 uinea,
870 2048 969 2116 affinis
988 2069 1059 2114 cum
1082 2042 1128 2112 al'·
1164 2046 1246 2112 suam
1266 2050 1484 2127 turpitudinem
1501 2048 1584 2131 filio,
1599 2047 1653 2115 nisi
1675 2059 1831 2132 graviores
1840 2055 1925 2121 caus·

397 2139 482 2208 neiis
501 2135 641 2219 gradibus
661 2132 698 2199 ab
760 2130 848 2197 clesra
865 2131 972 2195 vetitis
997 2125 1127 2192 remita·
1163 2123 1202 2193 sae
1229 2129 1258 2193 id
1286 2132 1437 2209 exigant.
1471 2128 1537 2196 Nec
1564 2125 1623 2195 dici
1655 2138 1752 2211 potesl
1782 2138 1863 2211 quod
1884 2135 1923 2203 srt

361 2221 475 2288 ‚btrcrit
487 2266 498 2298 ,
511 2218 568 2282 filii
584 2216 656 2280 inde
672 2209 769 2278 secuti
792 2231 856 2276 non
876 2206 1128 2299 legitimabuntur
1162 2207 1339 2273 caussatur
1356 2226 1460 2286 peccet
1484 2208 1567 2275 silius
1583 2209 1784 2278 huiuscemodi
1803 2214 1922 2284 siarum

373 2321 428 2383 per
443 2298 672 2364 matrimonium
689 2290 798 2357 deinde
825 2289 1035 2356 contraitum·
1055 2306 1127 2364 quta
1163 2283 1344 2366 ampledens
1363 2311 1433 2355 cum
1448 2290 1506 2353 tali
1523 2287 1642 2357 deseilu
1660 2294 1923 2373 irregularitatem

373 2379 582 2458 conceptionis
592 2388 877 2462 temporeparentes
885 2369 926 2437 ob
934 2336 1128 2461 impedimen
1163 2364 1334 2447 afferente,
1353 2373 1451 2436 etiam
1473 2370 1617 2449 occulto;
1637 2376 1706 2447 quia
1730 2374 1802 2438 talis
1834 2374 1920 2443 dese·

374 2478 445 2530 tum
459 2456 733 2536 consanguinitatis
745 2470 806 2518 aut
836 2448 995 2515 affinitatis
1025 2444 1129 2513 valide
1160 2447 1226 2517 aus
1246 2451 1469 2515 invincibiliter
1498 2471 1515 2516 a
1539 2450 1811 2532 lilioignoratur.
1825 2456 1922 2534 Quod

373 2538 555 2612 mutabere
579 2555 641 2599 non
666 2549 813 2613 poterant
838 2578 847 2608 ‚
870 2530 905 2597 bt
934 2527 991 2595 boc
1019 2547 1127 2593 verum
1162 2529 1184 2592 sr
1206 2528 1369 2608 aliquando
1385 2530 1478 2620 talem
1498 2528 1646 2596 defessum
1667 2531 1700 2598 in
1720 2532 1750 2597 se
1775 2535 1839 2613 poll
1869 2558 1926 2603 or·
1954 2585 1958 2594 .

373 2619 440 2706 esi,
458 2614 577 2686 etiamsi
595 2632 668 2679 ante
687 2614 891 2677 nativitatem
920 2625 1063 2687 parentes
1087 2623 1127 2671 ex
1161 2608 1349 2680 dinationcm
1364 2609 1590 2689 deprehendat,
1606 2631 1642 2678 ac
1662 2612 1784 2689 proinde
1809 2622 1849 2682 irr
1887 2639 1922 2683 u·

374 2698 599 2780 dispensatione
629 2695 767 2775 legitima
794 2689 1031 2758 Matrimonium
1056 2706 1127 2751 ton·
1162 2690 1339 2769 latitarem,
1359 2708 1485 2756 tenetur
1501 2691 1541 2754 ab
1555 2690 1707 2758 ordinum
1728 2693 1835 2760 officiis
1889 2717 1923 2763 a·

373 2778 564 2854 traxissent3
584 2776 655 2917 ‘iah
675 2771 791 2851 semper
811 2791 919 2836 verum
942 2766 985 2834 est
1014 2767 1128 2846 prolem
1163 2775 1220 2836 tim
1239 2769 1376 2836 desistere
1387 2818 1397 2850 ,
1410 2768 1445 2837 bt
1464 2769 1718 2847 dispensationem
1738 2772 1922 2852 supersuam

374 2873 633 2940 conceptamese
652 2873 691 2919 co
710 2868 846 2930 tempore
867 2901 876 2930 ,
900 2871 960 2931 quo
987 2865 1127 2928 parentet
1162 2851 1420 2932 irregularitatem
1449 2853 1618 2930 impetrare
1642 2899 1650 2919 .
1689 2854 1763 2920 Non
1794 2874 1923 2923 tenetur

323 2961 340 2980 ³
375 2939 555 3008 contrahere
582 2955 645 3001 non
677 2951 839 3014 poterant.
859 2932 908 2998 Sic
935 2930 1070 3009 Suarea,
1086 2929 1125 2995 A·
1163 2950 1266 3001 tamen
1286 2931 1375 2999 fidem
1402 2933 1513 3001 habere
1543 2938 1622 3015 patri
1653 2936 1704 3003 uel
1732 2939 1844 3014 matri,
1865 2936 1924 3015 qul

376 3022 443 3089 vila
458 3041 529 3086 cum
553 3017 649 3084 aliis.
675 3013 830 3093 Quidquid
859 3031 965 3080 tamen
992 3007 1029 3076 stt
1040 3060 1050 3090 ‚
1063 3030 1128 3108 etr·
1162 3016 1194 3083 in
1211 3018 1358 3082 extremis
1374 3013 1528 3083 declarent
1548 3037 1619 3083 eum
1636 3016 1923 3096 esseillegitimum,

303 3111 307 3116 “
374 3115 444 3167 tum
469 3098 538 3177 est,
568 3096 693 3175 quodfi
722 3095 972 3172 impedimentum
995 3090 1126 3188 suborta·
1163 3096 1217 3164 nist
1238 3098 1408 3165 rationibus
1423 3101 1684 3176 convinceretur,
1699 3101 1769 3174 quia
1786 3099 1923 3177 allegan-

379 3198 431 3248 tur
468 3176 531 3258 poll
566 3178 800 3257 conceptionem
838 3175 929 3255 prolis
963 3189 1057 3238 ettam
1082 3172 1129 3238 di·
1162 3181 1188 3246 ti
1217 3184 1411 3246 etiamtum
1441 3182 1614 3244 iuramento
1641 3176 1724 3242 suam
1752 3178 1923 3254 turpitudi-

366 3263 486 3328 timens
506 3261 588 3322 inter
616 3274 778 3335 parentes,
804 3277 865 3323 non
888 3252 1002 3321 desinet
1027 3253 1127 3331 proles
1162 3280 1232 3325 nem
1252 3262 1282 3322 in
1303 3259 1513 3336 praiudicium
1531 3257 1658 3323 alterius
1678 3256 1762 3320 nulla
1786 3256 1922 3324 debetur

375 3361 430 3419 per
454 3339 691 3407 Matrimonium
714 3335 894 3413 subsequens
919 3334 1050 3401 obtenta
1069 3332 1126 3399 dis·
1162 3337 1257 3417 sides,
1272 3356 1306 3403 ut
1326 3338 1439 3403 docent
1454 3336 1626 3404 Canonislae
1648 3341 1681 3401 in
1701 3334 1921 3415 Glossacap.9.

374 3418 553 3501 pensatione
571 3418 752 3499 legitimari,
767 3420 838 3505 quia
855 3420 887 3480 in
905 3414 962 3481 boc
980 3411 1050 3481 casu
1071 3434 1126 3480 ve·
1160 3420 1198 3485 de
1213 3418 1367 3485 Poenittna.
1384 3417 1424 3485 (5
1441 3412 1552 3499 remiss.
1572 3417 1729 3494 ltemquia
1745 3411 1836 3482 lavor
1848 3418 1921 3482 Mae

371 3521 440 3567 rum
459 3498 502 3565 esl
522 3516 665 3572 parentes
689 3496 824 3563 habuisse
845 3496 986 3573 copulam
1009 3512 1125 3572 tempo·
1161 3501 1299 3566 trimonii
1316 3496 1433 3576 semper
1451 3498 1631 3578 praevalet3
1656 3496 1736 3561 unde
1762 3516 1921 3573 receptum

374 3603 429 3657 re,
449 3599 510 3656 nuo
523 3576 757 3645 Matrimonium
768 3576 950 3643 contrahere
963 3592 1124 3655 poterant.
1160 3578 1203 3645 eil
1234 3577 1311 3646 istud
1335 3578 1384 3644 lib.
1414 3598 1442 3655 ς.
1474 3584 1500 3645 §-
1534 3578 1570 3643 de
1602 3576 1830 3644 iureiurando:
1864 3577 1922 3640 ea·

297 3675 305 3702 1
414 3660 501 3723 Nota
522 3707 531 3733 ,
553 3659 704 3739 legitimos
732 3677 875 3735 quoque,
900 3676 964 3720 non
985 3652 1067 3719 secus
1089 3677 1124 3721 ac
1160 3673 1208 3726 ter
1234 3662 1283 3738 is,
1317 3678 1385 3723 aem
1404 3658 1516 3737 nuptia
1536 3659 1747 3739 dsmssqsrm.
1779 3656 1921 3721 Tandem

371 3741 568 3818 illegitimos,
592 3737 755 3815 aliquando
778 3740 874 3803 arceri
899 3757 917 3800 a
940 3732 1125 3829 beneficiis,
1160 3743 1232 3819 quia
1253 3681 1391 3814 pogeffio
1407 3738 1496 3806 bonas
1516 3738 1588 3802 fidei
1609 3759 1678 3803 cum
1700 3736 1797 3802 titulo
1819 3737 1921 3816 legitis

371 3819 405 3888 ὰ
422 3822 518 3885 etiam
533 3815 571 3882 ab
590 3816 775 3896 Ordinibus,
795 3834 831 3882 ut
860 3815 928 3881 sunt
957 3816 1013 3879 silri
1040 3815 1124 3880 Prel·
1161 3825 1202 3885 mi
1219 3817 1414 3886 Matrimonii
1431 3841 1492 3885 non
1522 3816 1593 3884 satis
1609 3819 1735 3898 eliditur
1761 3837 1814 3894 per
1836 3811 1922 3879 telli-

369 3900 567 3981 bytcrorum,
580 3901 631 3976 qui
651 3895 841 3962 beneficium
858 3917 876 3962 a
905 3913 992 3973 patre
1016 3894 1122 3974 posses·
1159 3904 1297 3966 omnium
1316 3904 1443 3976 matris,
1457 3919 1525 3978 quae
1543 3898 1728 3965 declarando
1751 3896 1778 3960 le
1799 3896 1923 3960 adulte·

369 3977 433 4045 lum
449 3977 624 4043 immediate
644 3997 750 4043 tenere
764 3993 920 4054 nequeunt
937 3996 976 4041 cx
991 3997 1057 4053 cap.
1076 3996 1123 4039 ιι.
1158 3983 1197 4046 rii
1221 4000 1364 4057 capacem
1390 3978 1479 4045 luisse
1501 4027 1510 4057 ,
1533 3981 1605 4045 latis
1622 3980 1720 4055 aperit
1742 3977 1771 4039 lc
1800 3991 1922 4053 utroque

372 4062 409 4126 de
420 4058 498 4140 filiis
518 4056 706 4141 Presbyterum
730 4056 770 4123 Et
791 4057 847 4136 hos
869 4059 969 4120 locum
990 4054 1123 4121 habetin
1157 4080 1300 4139 capacem
1315 4057 1378 4125 esse
1400 4059 1548 4125 mendacii
1571 4104 1580 4120 .
1605 4058 1691 4123 lntet
1722 4057 1838 4120 validas
1867 4077 1918 4121 au·

336 4145 340 4154 “
369 4137 532 4213 nepotibus
552 4143 648 4204 etiam
664 4136 860 4208 relativtsad
883 4157 959 4202 avos
982 4158 1044 4213 ,ex
1064 4135 1124 4201 Re·
1159 4159 1222 4207 tem
1242 4143 1395 4219 rationes,
1411 4140 1517 4218 quibus
1537 4156 1636 4203 mater
1667 4135 1790 4214 probare
1819 4135 1919 4213 posset

365 4215 449 4285 buffo
468 4218 502 4284 bt
526 4220 609 4284 aliis.
625 4218 674 4282 Sic
694 4214 829 4282 lautores
854 4213 889 4283 δι
918 4232 1122 4306 receptatores
1158 4222 1412 4302 illegitimitatem
1424 4221 1501 4298 filii,
1522 4219 1598 4284 esset
1613 4265 1622 4294 ,
1638 4214 1917 4291 sidemonslraret,

366 4318 490 4375 eorum,
511 4299 701 4376 ipsorumque
717 4295 772 4360 filii
794 4295 939 4373 usquead
962 4291 1123 4362 secundam
1156 4306 1304 4367 maritum
1323 4299 1410 4365 suum
1426 4318 1496 4366 toto
1504 4317 1643 4377 tempore
1657 4302 1872 4376 conceptionis
1884 4294 1919 4362 bt

366 4381 597 4459 generationem
618 4396 777 4455 paternam
791 4424 800 4453 ,
813 4374 848 4442 ἀ
864 4379 993 4453 primam
1009 4396 1121 4442 mater·
1156 4384 1339 4448 nativitatis
1361 4379 1416 4454 filii
1434 4377 1524 4444 fuisse
1541 4376 1714 4445 absentem.

364 4477 437 4522 nam
459 4457 529 4522 sunt
550 4455 700 4521 inhabiles
720 4454 920 4523 adssentficia
933 4476 973 4521 ex
986 4478 1052 4534 cap
1072 4479 1120 4537 15.
1196 4460 1333 4526 SccuMa
1354 4460 1464 4537 species
1492 4459 1727 4539 irregularitatis
1748 4459 1919 4524 incurritur

364 4536 646 4604 determinasse
657 4536 782 4600 tandem
791 4533 1017 4627 filius&nepos
1027 4537 1121 4602 homi·
1156 4562 1195 4607 etr
1215 4537 1470 4607 destinarint.
1502 4540 1581 4606 Tres
1604 4559 1708 4605 autem
1734 4559 1919 4603 enumeran-

225 4611 244 4640 s
364 4624 434 4697 uis,
452 4614 1121 4705 quisardr'nalemfuerithostilitertnsecuius,
1156 4641 1209 4688 tur
1229 4617 1359 4686 delestis
1386 4625 1480 4686 animi
1506 4622 1685 4686 inducentes
1715 4620 1922 4695 irregularita-

364 4701 421 4787 trel
437 4689 619 4788 Pitsuffm'is
637 4707 690 4761 Μ
711 4694 826 4788 sgtleri'i
847 4699 935 4785 eves·
945 4695 1042 4778 socius
1051 4697 1122 4782 [ae-
1157 4697 1361 4781 tem‚stilicet
1377 4704 1526 4779 rationis,
1542 4699 1690 4778 scientim,
1702 4698 1832 4766 &Fidei
1848 4718 1921 4762 ron·

363 4789 405 4840 '¹¹
417 4779 562 4860 idisenus
576 4824 585 4854 s
598 4790 652 4842 dul
663 4780 733 4857 fieri
758 4776 972 4866 mandaverit,
991 4780 1046 4842 vel
1066 4777 1119 4861 sa·
1155 4779 1308 4846 firmatae.
1330 4779 1420 4850 Unde
1437 4803 1465 4845 1.
1483 4782 1667 4859 irregulares
1686 4777 1755 4846 sunt
1780 4784 1833 4857 qui
1855 4801 1921 4852 om·

363 4861 443 4923 &sm
465 4854 737 4949 Μίςᾙύϋθῖῐΐ,
756 4855 814 4937 ‘liv
832 4856 1048 4949 imprivairss
1064 4862 1120 4942 est,
1156 4866 1187 4924 ni
1209 4857 1262 4927 usu
1278 4879 1386 4927 carent
1407 4865 1553 4939 rationis,
1573 4862 1739 4927 cuiusmodi
1762 4862 1833 4927 sunt
1852 4879 1922 4935 pne·

361 4936 403 5003 (5
422 4936 570 5029 affiniora
584 4939 627 5003 ad
638 4939 699 5028 alra
712 4936 871 5019 poffidmda
899 4936 1062 5018 inhabrlts,
1080 4943 1120 5003 Θ
1156 4942 1181 5004 ri
1203 4938 1236 5007 bt
1257 4960 1403 5020 perpetuo
1424 4961 1579 5018 amentes,
1601 4945 1646 5007 ita
1662 4960 1698 5007 ut
1714 4943 1849 5007 durante
1867 4941 1936 5014 illo¹

360 5013 398 5078 ab
411 5017 571 5107 ornatius
588 5037 706 5084 ommno
721 5016 855 5098 exclusas
874 5018 956 5085 &ex
964 5040 1028 5097 cap.
1041 5039 1068 5084 a·
1079 5023 1119 5087 de
1155 5024 1288 5088 rationis
1307 5020 1440 5102 deliquio
1455 5043 1512 5088 nec
1539 5027 1713 5099 promoueri
1741 5024 1865 5100 possunt
1884 5019 1921 5086 ad

355 5111 448 5178 mir
468 5102 504 5166 irs
522 5101 553 5165 6.
574 5096 646 5166 Filii
663 5096 794 5181 exposci
810 5115 993 5180 reputantur
1007 5119 1063 5179 pto
1081 5102 1119 5168 ils
1151 5101 1308 5188 Ordines,
1329 5123 1385 5174 net
1401 5100 1423 5170 st
1439 5099 1520 5170 sorte
1540 5105 1677 5182 promoti
1696 5100 1850 5185 luissent,
1868 5122 1921 5188 eo}

990 5209 995 5216 ·
1142 5239 1145 5252 .
1812 5203 1882 5249 rum
